1866 3208
247 217 322 268 364
691 217 734 256 P.
764 216 996 255 VERGILI
1027 219 1282 257 MARONIS

310 325 422 372 huic
451 326 710 387 Messapus,
738 324 807 370 uti
833 325 959 370 laeva
984 325 1079 371 duo
1103 325 1223 372 forte
1247 325 1436 386 gerebat

311 392 454 449 lenta,
482 392 594 437 levis
619 407 775 448 cursu,
799 391 1002 453 praefixa
1025 392 1207 438 hastilia
1233 392 1371 450 ferro,

310 459 481 504 horum
508 473 658 502 unum
685 469 814 502 certo
839 469 1156 520 contorquens
1180 458 1348 517 derigit
1373 458 1488 505 ictu.
1669 482 1730 514 490

311 523 520 570 substitit
544 524 744 580 AeneaS,
772 536 819 570 et
844 539 891 569 se
916 524 1109 585 collegit
1134 525 1183 570 in
1208 541 1348 582 arma,

310 590 490 652 poplite
517 589 758 635 subsidens
779 609 795 644 3
830 590 1013 652 apicem
1040 603 1195 637 tamen
1221 590 1368 637 incita
1391 607 1629 637 summum

310 658 436 702 hasta
462 656 575 702 tulit
600 673 894 718 summasque
921 657 1122 703 excussit
1145 657 1318 703 vertice
1344 656 1519 704 cristas,

312 736 413 768 turn
438 739 549 768 vero
573 722 830 783 adsurgunt
855 722 948 768 irae
970 742 985 777 ;
1021 723 1297 786 insidiisque
1323 723 1556 780 subactu5‚

310 789 513 834 diversos
540 789 618 834 ubi
646 789 788 834 sentit
814 805 956 851 equos
981 806 1264 852 currumque
1289 789 1464 844 referri,

311 856 460 901 multa
486 856 647 901 Iovem
673 868 719 901 et
745 855 853 900 laesi
882 868 1072 902 testatus
1096 856 1293 902 foederis
1316 873 1428 913 aras,

311 922 404 967 iam
430 921 620 968 tandem
645 921 823 967 invadit
847 922 1039 979 medios,
1067 936 1112 969 et
1140 923 1296 968 Marte
1323 923 1530 968 secundo

311 988 530 1034 terribilis
557 1004 735 1033 saevam
761 988 895 1034 nullo
919 988 1190 1035 discrimine
1217 989 1408 1035 caedem

311 1054 516 1112 suscitat,
543 1054 811 1116 irarumque
837 1071 999 1101 omnes
1027 1055 1228 1101 effundit
1252 1055 1469 1102 habenas.

379 1121 482 1183 quis
530 1121 645 1166 mihi
696 1137 822 1167 nunc
873 1134 940 1168 tot
991 1121 1154 1168 acerba
1200 1122 1329 1179 deus,
1371 1121 1475 1184 quis
1522 1120 1730 1167 carmine

445 1187 606 1234 caedes

310 1254 524 1310 diversas,
549 1253 829 1316 obitumque
854 1255 1046 1310 ducum,
1073 1271 1188 1318 quos
1215 1271 1413 1317 aequore
1440 1267 1539 1301 toto
1672 1277 1731 1307 501

311 1320 458 1383 inque
481 1320 635 1366 vicem
661 1337 789 1367 nunc
818 1321 1014 1367 Turnus
1039 1322 1147 1382 agit,
1174 1338 1303 1367 nunc
1330 1321 1506 1367 Tro'1'us
1530 1322 1680 1377 heros„

311 1387 566 1449 expediat?
603 1385 783 1433 tanton’
808 1387 988 1449 placuit
1018 1404 1300 1434 concurrere
1326 1400 1476 1444 motu,

312 1454 544 1515 Iuppiter,
570 1467 757 1499 aeterna
783 1466 945 1514 gentes
971 1454 1019 1500 in
1045 1471 1160 1516 pace
1186 1454 1398 1500 futuras?

310 1521 492 1566 Aeneas
520 1521 755 1566 Rutulum
785 1521 1182 1577 Sucronem,—ea
1208 1521 1357 1582 prima
1381 1534 1569 1567 ruentes

311 1603 467 1648 pugna
492 1588 599 1634 loco
623 1587 786 1634 statuit
812 1588 1223 1633 Teucros—haud
1247 1588 1394 1633 multa
1419 1599 1698 1643 morantem,

310 1653 489 1715 excipit
515 1653 564 1699 in
590 1654 724 1711 latus,
752 1668 814 1710 et,
841 1671 931 1716 qua
957 1654 1048 1700 fata
1073 1654 1331 1710 celerrima,
1356 1654 1555 1700 crudum

313 1720 582 1779 transadigit
607 1733 755 1766 costas
781 1735 827 1766 et
853 1734 1000 1766 crates
1025 1720 1228 1782 pectoris
1255 1737 1430 1767 ensem.

312 1786 509 1832 Turnus
534 1803 656 1848 equo
681 1787 921 1832 deiectum
947 1788 1183 1847 Amycum
1211 1787 1494 1848 fratremque
1519 1786 1731 1840 Diorem,

311 1869 579 1912 congressus
605 1853 762 1914 pedes,
790 1854 918 1898 hunc
945 1853 1216 1899 venientem
1243 1853 1436 1914 cuspide
1463 1853 1617 1913 longa,
1674 1875 1735 1904 510
1774 1897 1775 1901 ,

310 1919 439 1964 hunc
466 1935 692 1964 mucrone
719 1918 826 1965 ferit
851 1935 1084 1981 curruque
1109 1919 1281 1965 abscisa
1306 1919 1506 1965 duorum

311 1985 554 2047 suspendit
579 1985 732 2046 capita
757 1999 802 2031 et
826 1985 1027 2031 rorantia
1053 1985 1277 2046 sanguine
1302 1998 1473 2047 portat.

311 2051 393 2097 ille
419 2051 576 2096 Talon
603 2051 904 2114 Tanaimque
932 2052 1036 2098 neci
1065 2053 1330 2114 fortemque
1357 2052 1641 2112 Cethegum,

312 2130 403 2164 tres
431 2135 526 2164 uno
551 2134 815 2178 congressu,
841 2132 887 2164 et
912 2132 1142 2164 maestum
1168 2118 1316 2164 mittit
1342 2118 1544 2174 Oniten,

312 2201 487 2230 nomen
516 2185 805 2231 Echionium
828 2186 1083 2261 matrisque
1107 2201 1252 2245 genus
1281 2184 1522 2239 Peridiae3

311 2251 389 2296 hic
417 2251 578 2297 fratres
603 2252 749 2313 Lycia
775 2252 935 2298 missos
961 2266 1006 2299 et
1031 2252 1266 2314 Apollinis
1291 2251 1425 2312 agris,

312 2329 359 2363 et
384 2317 605 2364 iuvenem
631 2335 825 2364 exosum
852 2319 1141 2394 nequiquam
1166 2319 1290 2364 bella
1317 2318 1599 2374 Menoeten,

311 2383 507 2440 Arcada,
531 2384 735 2445 piscosae
762 2385 838 2431 cui
866 2386 1046 2431 circum
1072 2384 1267 2430 flumina
1293 2384 1474 2430 Lernae

311 2466 379 2495 ars
405 2449 553 2496 fuerat
577 2467 848 2513 pauperque
873 2451 1053 2509 domus,
1080 2468 1168 2496 nec
1195 2463 1304 2496 nota
1327 2462 1579 2512 potentum

313 2533 522 2574 munera,
549 2517 877 2579 conductaque
903 2530 1033 2579 pater
1059 2517 1228 2563 tellure
1255 2517 1448 2563 serebat.
1675 2539 1737 2568 520

312 2599 364 2628 ac
389 2582 521 2628 velut
545 2582 725 2628 inmissi
752 2583 940 2630 diversis
966 2583 1172 2644 partibus
1198 2583 1327 2644 ignes

313 2661 522 2695 arentem
548 2649 598 2695 in
624 2649 786 2695 silvam
811 2663 858 2696 et
882 2649 1080 2710 virgulta
1106 2650 1319 2696 sonantia
1346 2650 1503 2696 lauro:

297 2725 374 2774 496
405 2732 574 2764 testatur.
685 2738 762 2776 497
792 2734 934 2765 tamen.
1047 2736 1119 2777 515
1151 2727 1319 2765 nomine.
1433 2738 1507 2777 520
1537 2725 1683 2763 limina.
