<?xml version="1.0" encoding="UTF-8"?>
<!DOCTYPE html PUBLIC "-//W3C//DTD XHTML 1.0 Transitional//EN"
    "http://www.w3.org/TR/xhtml1/DTD/xhtml1-transitional.dtd">
<html xmlns="http://www.w3.org/1999/xhtml" xml:lang="en" lang="en">
 <head>
  <title>
</title>
<meta http-equiv="Content-Type" content="text/html;charset=utf-8" />
  <meta name='ocr-system' content='tesseract 3.04.00' />
  <meta name='ocr-capabilities' content='ocr_page ocr_carea ocr_par ocr_line ocrx_word'/>
</head>
<body>
  <div class='ocr_page' id='page_1' title='image "./operabucolicageo00virguoft_0308.png"; bbox 0 0 1866 3208; ppageno 0'>
   <div class='ocr_carea' id='block_1_1' title="bbox 307 242 1348 294">
    <p class='ocr_par' dir='ltr' id='par_1_1' title="bbox 307 242 1348 294">
     <span class='ocr_line' id='line_1_1' title="bbox 307 242 1348 294; baseline 0.002 -12"><span class='ocrx_word' id='word_1_1' title='bbox 307 245 385 294; x_wconf 85' lang='lat'>276</span> <span class='ocrx_word' id='word_1_2' title='bbox 752 245 794 283; x_wconf 81' lang='lat' dir='ltr'>P.</span> <span class='ocrx_word' id='word_1_3' title='bbox 825 242 1060 282; x_wconf 89' lang='lat' dir='ltr'>VERGILI</span> <span class='ocrx_word' id='word_1_4' title='bbox 1090 245 1348 284; x_wconf 91' lang='lat' dir='ltr'>MARONIS</span> 
     </span>
    </p>
   </div>
   <div class='ocr_carea' id='block_1_2' title="bbox 341 350 1866 2740">
    <p class='ocr_par' dir='ltr' id='par_1_2' title="bbox 371 350 1866 1343">
     <span class='ocr_line' id='line_1_2' title="bbox 373 350 1498 412; baseline -0.001 -14"><span class='ocrx_word' id='word_1_5' title='bbox 373 351 521 398; x_wconf 90' lang='lat' dir='ltr'>saevit</span> <span class='ocrx_word' id='word_1_6' title='bbox 545 351 597 397; x_wconf 90' lang='lat' dir='ltr'>in</span> <span class='ocrx_word' id='word_1_7' title='bbox 623 351 871 404; x_wconf 84' lang='lat' dir='ltr'>absentes3</span> <span class='ocrx_word' id='word_1_8' title='bbox 907 350 1107 398; x_wconf 90' lang='lat' dir='ltr'>collecta</span> <span class='ocrx_word' id='word_1_9' title='bbox 1133 351 1298 412; x_wconf 89' lang='lat' dir='ltr'>fatigat</span> <span class='ocrx_word' id='word_1_10' title='bbox 1325 351 1498 397; x_wconf 88' lang='lat' dir='ltr'>edendi</span> 
     </span>
     <span class='ocr_line' id='line_1_3' title="bbox 373 415 1483 479; baseline 0.001 -16"><span class='ocrx_word' id='word_1_11' title='bbox 373 434 430 463; x_wconf 87' lang='lat' dir='ltr'>ex</span> <span class='ocrx_word' id='word_1_12' title='bbox 457 418 597 477; x_wconf 91' lang='lat' dir='ltr'>longo</span> <span class='ocrx_word' id='word_1_13' title='bbox 623 417 771 463; x_wconf 87' lang='lat' dir='ltr'>rabies</span> <span class='ocrx_word' id='word_1_14' title='bbox 799 429 845 463; x_wconf 94' lang='lat' dir='ltr'>et</span> <span class='ocrx_word' id='word_1_15' title='bbox 870 415 1020 464; x_wconf 88' lang='lat' dir='ltr'>siccae</span> <span class='ocrx_word' id='word_1_16' title='bbox 1046 418 1270 479; x_wconf 89' lang='lat' dir='ltr'>sanguine</span> <span class='ocrx_word' id='word_1_17' title='bbox 1297 418 1483 464; x_wconf 88' lang='lat' dir='ltr'>fauces:</span> 
     </span>
     <span class='ocr_line' id='line_1_4' title="bbox 371 483 1472 531; baseline 0.001 -2"><span class='ocrx_word' id='word_1_18' title='bbox 371 483 499 529; x_wconf 91' lang='lat' dir='ltr'>haud</span> <span class='ocrx_word' id='word_1_19' title='bbox 523 483 657 529; x_wconf 89' lang='lat' dir='ltr'>aliter</span> <span class='ocrx_word' id='word_1_20' title='bbox 683 483 866 529; x_wconf 92' lang='lat' dir='ltr'>Rutulo</span> <span class='ocrx_word' id='word_1_21' title='bbox 890 499 1046 530; x_wconf 89' lang='lat' dir='ltr'>muros</span> <span class='ocrx_word' id='word_1_22' title='bbox 1073 497 1119 531; x_wconf 91' lang='lat' dir='ltr'>et</span> <span class='ocrx_word' id='word_1_23' title='bbox 1144 498 1292 531; x_wconf 91' lang='lat' dir='ltr'>castra</span> <span class='ocrx_word' id='word_1_24' title='bbox 1318 484 1472 530; x_wconf 88' lang='lat' dir='ltr'>tuenti</span> 
     </span>
     <span class='ocr_line' id='line_1_5' title="bbox 372 549 1467 609; baseline 0.002 -15"><span class='ocrx_word' id='word_1_25' title='bbox 372 550 622 609; x_wconf 87' lang='lat' dir='ltr'>ignescunt</span> <span class='ocrx_word' id='word_1_26' title='bbox 647 549 774 605; x_wconf 90' lang='lat' dir='ltr'>irae;</span> <span class='ocrx_word' id='word_1_27' title='bbox 809 549 936 596; x_wconf 91' lang='lat' dir='ltr'>duris</span> <span class='ocrx_word' id='word_1_28' title='bbox 962 550 1097 596; x_wconf 92' lang='lat' dir='ltr'>dolor</span> <span class='ocrx_word' id='word_1_29' title='bbox 1120 550 1295 597; x_wconf 87' lang='lat' dir='ltr'>ossibus</span> <span class='ocrx_word' id='word_1_30' title='bbox 1321 550 1467 608; x_wconf 83' lang='lat' dir='ltr'>ardet,</span> 
     </span>
     <span class='ocr_line' id='line_1_6' title="bbox 372 615 1606 680; baseline 0.002 -20"><span class='ocrx_word' id='word_1_31' title='bbox 372 633 464 677; x_wconf 88' lang='lat' dir='ltr'>qua</span> <span class='ocrx_word' id='word_1_32' title='bbox 490 628 694 677; x_wconf 91' lang='lat' dir='ltr'>temptet</span> <span class='ocrx_word' id='word_1_33' title='bbox 719 615 902 662; x_wconf 90' lang='lat' dir='ltr'>ratione</span> <span class='ocrx_word' id='word_1_34' title='bbox 929 616 1081 663; x_wconf 89' lang='lat' dir='ltr'>aditus</span> <span class='ocrx_word' id='word_1_35' title='bbox 1108 630 1155 664; x_wconf 89' lang='lat' dir='ltr'>et</span> <span class='ocrx_word' id='word_1_36' title='bbox 1180 634 1299 680; x_wconf 91' lang='lat' dir='ltr'>quae</span> <span class='ocrx_word' id='word_1_37' title='bbox 1324 617 1399 663; x_wconf 89' lang='lat' dir='ltr'>via</span> <span class='ocrx_word' id='word_1_38' title='bbox 1425 617 1606 664; x_wconf 91' lang='lat' dir='ltr'>clausos</span> 
     </span>
     <span class='ocr_line' id='line_1_7' title="bbox 373 681 1698 746; baseline 0.001 -18"><span class='ocrx_word' id='word_1_39' title='bbox 373 681 582 728; x_wconf 87' lang='lat' dir='ltr'>excutiat</span> <span class='ocrx_word' id='word_1_40' title='bbox 608 682 822 728; x_wconf 86' lang='lat' dir='ltr'>Teucros</span> <span class='ocrx_word' id='word_1_41' title='bbox 848 683 972 729; x_wconf 91' lang='lat' dir='ltr'>vallo</span> <span class='ocrx_word' id='word_1_42' title='bbox 998 696 1138 746; x_wconf 89' lang='lat' dir='ltr'>atque</span> <span class='ocrx_word' id='word_1_43' title='bbox 1165 684 1377 730; x_wconf 85' lang='lat' dir='ltr'>effundat</span> <span class='ocrx_word' id='word_1_44' title='bbox 1400 683 1451 729; x_wconf 92' lang='lat' dir='ltr'>in</span> <span class='ocrx_word' id='word_1_45' title='bbox 1478 700 1698 746; x_wconf 87' lang='lat' dir='ltr'>aequum.</span> 
     </span>
     <span class='ocr_line' id='line_1_8' title="bbox 372 749 1866 819; baseline 0.001 -24"><span class='ocrx_word' id='word_1_46' title='bbox 372 749 583 805; x_wconf 88' lang='lat' dir='ltr'>classem,</span> <span class='ocrx_word' id='word_1_47' title='bbox 611 765 730 811; x_wconf 90' lang='lat' dir='ltr'>quae</span> <span class='ocrx_word' id='word_1_48' title='bbox 757 749 891 795; x_wconf 91' lang='lat' dir='ltr'>lateri</span> <span class='ocrx_word' id='word_1_49' title='bbox 919 762 1175 796; x_wconf 91' lang='lat' dir='ltr'>castrorum</span> <span class='ocrx_word' id='word_1_50' title='bbox 1201 750 1426 796; x_wconf 89' lang='lat' dir='ltr'>adiuncta</span> <span class='ocrx_word' id='word_1_51' title='bbox 1451 750 1643 806; x_wconf 88' lang='lat' dir='ltr'>latebat,</span> <span class='ocrx_word' id='word_1_52' title='bbox 1860 800 1866 819; x_wconf 36' lang='lat'>³</span> 
     </span>
     <span class='ocr_line' id='line_1_9' title="bbox 372 814 1866 877; baseline 0.002 -18"><span class='ocrx_word' id='word_1_53' title='bbox 372 814 614 875; x_wconf 87' lang='lat' dir='ltr'>aggeribus</span> <span class='ocrx_word' id='word_1_54' title='bbox 639 828 847 877; x_wconf 88' lang='lat' dir='ltr'>saeptam</span> <span class='ocrx_word' id='word_1_55' title='bbox 875 815 1058 862; x_wconf 86' lang='lat' dir='ltr'>circum</span> <span class='ocrx_word' id='word_1_56' title='bbox 1083 829 1130 863; x_wconf 92' lang='lat' dir='ltr'>et</span> <span class='ocrx_word' id='word_1_57' title='bbox 1154 816 1422 862; x_wconf 89' lang='lat' dir='ltr'>fluvialibus</span> <span class='ocrx_word' id='word_1_58' title='bbox 1450 815 1602 873; x_wconf 89' lang='lat' dir='ltr'>undis,</span> <span class='ocrx_word' id='word_1_59' title='bbox 1757 839 1799 870; x_wconf 88' lang='lat'>70</span> <span class='ocrx_word' id='word_1_60' title='bbox 1861 821 1866 840; x_wconf 75' lang='lat'><strong>¹</strong></span> 
     </span>
     <span class='ocr_line' id='line_1_10' title="bbox 372 842 1866 945; baseline 0.003 -19"><span class='ocrx_word' id='word_1_61' title='bbox 372 881 571 938; x_wconf 88' lang='lat' dir='ltr'>invadit,</span> <span class='ocrx_word' id='word_1_62' title='bbox 599 881 844 944; x_wconf 88' lang='lat' dir='ltr'>sociosque</span> <span class='ocrx_word' id='word_1_63' title='bbox 870 882 1093 929; x_wconf 91' lang='lat' dir='ltr'>incendia</span> <span class='ocrx_word' id='word_1_64' title='bbox 1118 883 1272 945; x_wconf 91' lang='lat' dir='ltr'>poscit</span> <span class='ocrx_word' id='word_1_65' title='bbox 1297 896 1506 941; x_wconf 89' lang='lat' dir='ltr'>ovantes,</span> <span class='ocrx_word' id='word_1_66' title='bbox 1861 842 1866 930; x_wconf 72' lang='lat' dir='ltr'>l</span> 
     </span>
     <span class='ocr_line' id='line_1_11' title="bbox 373 938 1866 1045; baseline 0.002 -52"><span class='ocrx_word' id='word_1_67' title='bbox 373 961 514 1010; x_wconf 91' lang='lat' dir='ltr'>atque</span> <span class='ocrx_word' id='word_1_68' title='bbox 541 964 736 994; x_wconf 90' lang='lat' dir='ltr'>manum</span> <span class='ocrx_word' id='word_1_69' title='bbox 763 948 880 1010; x_wconf 91' lang='lat' dir='ltr'>pinu</span> <span class='ocrx_word' id='word_1_70' title='bbox 907 947 1119 1009; x_wconf 88' lang='lat' dir='ltr'>flagranti</span> <span class='ocrx_word' id='word_1_71' title='bbox 1146 949 1351 996; x_wconf 87' lang='lat' dir='ltr'>fervidus</span> <span class='ocrx_word' id='word_1_72' title='bbox 1377 949 1547 1012; x_wconf 89' lang='lat' dir='ltr'>inplet.</span> <span class='ocrx_word' id='word_1_73' title='bbox 1862 938 1866 1045; x_wconf 68' lang='grc' dir='ltr'><strong>ἱ</strong></span> 
     </span>
     <span class='ocr_line' id='line_1_12' title="bbox 373 1014 1866 1078; baseline 0.002 -19"><span class='ocrx_word' id='word_1_74' title='bbox 373 1027 474 1060; x_wconf 92' lang='lat' dir='ltr'>tum</span> <span class='ocrx_word' id='word_1_75' title='bbox 499 1031 610 1060; x_wconf 87' lang='lat' dir='ltr'>vero</span> <span class='ocrx_word' id='word_1_76' title='bbox 635 1014 1161 1077; x_wconf 88' lang='lat' dir='ltr'>incumbunt—urguet</span> <span class='ocrx_word' id='word_1_77' title='bbox 1187 1015 1451 1078; x_wconf 87' lang='lat' dir='ltr'>praesentia</span> <span class='ocrx_word' id='word_1_78' title='bbox 1477 1015 1707 1062; x_wconf 86' lang='lat' dir='ltr'>Turni—</span> <span class='ocrx_word' id='word_1_79' title='bbox 1863 1050 1866 1076; x_wconf 57' lang='lat'><em>4</em></span> 
     </span>
     <span class='ocr_line' id='line_1_13' title="bbox 372 1077 1866 1143; baseline 0.002 -17"><span class='ocrx_word' id='word_1_80' title='bbox 372 1094 513 1143; x_wconf 89' lang='lat' dir='ltr'>atque</span> <span class='ocrx_word' id='word_1_81' title='bbox 538 1081 693 1126; x_wconf 91' lang='lat' dir='ltr'>omnis</span> <span class='ocrx_word' id='word_1_82' title='bbox 720 1080 901 1127; x_wconf 89' lang='lat' dir='ltr'>facibus</span> <span class='ocrx_word' id='word_1_83' title='bbox 928 1082 1075 1143; x_wconf 89' lang='lat' dir='ltr'>pubes</span> <span class='ocrx_word' id='word_1_84' title='bbox 1102 1082 1365 1143; x_wconf 90' lang='lat' dir='ltr'>accingitur</span> <span class='ocrx_word' id='word_1_85' title='bbox 1390 1081 1517 1129; x_wconf 90' lang='lat' dir='ltr'>atris.</span> <span class='ocrx_word' id='word_1_86' title='bbox 1863 1077 1866 1122; x_wconf 81' lang='lat' dir='ltr'>l</span> 
     </span>
     <span class='ocr_line' id='line_1_14' title="bbox 371 1127 1866 1210; baseline 0.002 -17"><span class='ocrx_word' id='word_1_87' title='bbox 371 1147 611 1209; x_wconf 88' lang='lat' dir='ltr'>diripuere</span> <span class='ocrx_word' id='word_1_88' title='bbox 639 1147 799 1204; x_wconf 85' lang='lat' dir='ltr'>focos3</span> <span class='ocrx_word' id='word_1_89' title='bbox 835 1147 1027 1210; x_wconf 87' lang='lat' dir='ltr'>piceum</span> <span class='ocrx_word' id='word_1_90' title='bbox 1054 1149 1143 1194; x_wconf 91' lang='lat' dir='ltr'>fert</span> <span class='ocrx_word' id='word_1_91' title='bbox 1169 1149 1351 1195; x_wconf 90' lang='lat' dir='ltr'>fumida</span> <span class='ocrx_word' id='word_1_92' title='bbox 1375 1149 1540 1195; x_wconf 93' lang='lat' dir='ltr'>lumen</span> <span class='ocrx_word' id='word_1_93' title='bbox 1863 1127 1866 1184; x_wconf 60' lang='lat' dir='ltr'>l</span> 
     </span>
     <span class='ocr_line' id='line_1_15' title="bbox 372 1186 1866 1292; baseline 0.001 -32"><span class='ocrx_word' id='word_1_94' title='bbox 372 1214 508 1260; x_wconf 91' lang='lat' dir='ltr'>taeda</span> <span class='ocrx_word' id='word_1_95' title='bbox 535 1227 581 1260; x_wconf 90' lang='lat' dir='ltr'>et</span> <span class='ocrx_word' id='word_1_96' title='bbox 607 1214 916 1261; x_wconf 88' lang='lat' dir='ltr'>commixtam</span> <span class='ocrx_word' id='word_1_97' title='bbox 942 1215 1189 1261; x_wconf 91' lang='lat' dir='ltr'>Vulcanus</span> <span class='ocrx_word' id='word_1_98' title='bbox 1214 1216 1272 1261; x_wconf 93' lang='lat' dir='ltr'>ad</span> <span class='ocrx_word' id='word_1_99' title='bbox 1299 1229 1418 1262; x_wconf 89' lang='lat' dir='ltr'>astra</span> <span class='ocrx_word' id='word_1_100' title='bbox 1443 1215 1671 1262; x_wconf 88' lang='lat' dir='ltr'>favillam.</span> <span class='ocrx_word' id='word_1_101' title='bbox 1864 1186 1866 1292; x_wconf 43' lang='lat' dir='ltr'><strong>ff</strong></span> 
     </span>
     <span class='ocr_line' id='line_1_16' title="bbox 439 1280 1736 1343; baseline 0 -17"><span class='ocrx_word' id='word_1_102' title='bbox 439 1280 543 1343; x_wconf 90' lang='lat' dir='ltr'>quis</span> <span class='ocrx_word' id='word_1_103' title='bbox 568 1281 701 1337; x_wconf 92' lang='lat' dir='ltr'>deus,</span> <span class='ocrx_word' id='word_1_104' title='bbox 727 1298 754 1326; x_wconf 97' lang='lat' dir='ltr'>o</span> <span class='ocrx_word' id='word_1_105' title='bbox 784 1281 971 1339; x_wconf 90' lang='lat' dir='ltr'>Musae,</span> <span class='ocrx_word' id='word_1_106' title='bbox 1000 1293 1095 1328; x_wconf 90' lang='lat' dir='ltr'>tam</span> <span class='ocrx_word' id='word_1_107' title='bbox 1121 1298 1255 1328; x_wconf 88' lang='lat' dir='ltr'>saeva</span> <span class='ocrx_word' id='word_1_108' title='bbox 1281 1281 1505 1328; x_wconf 89' lang='lat' dir='ltr'>incendia</span> <span class='ocrx_word' id='word_1_109' title='bbox 1531 1280 1736 1328; x_wconf 87' lang='lat' dir='ltr'>Teucris</span> 
     </span>
    </p>

    <p class='ocr_par' dir='ltr' id='par_1_3' title="bbox 370 1347 1802 2408">
     <span class='ocr_line' id='line_1_17' title="bbox 372 1347 1501 1410; baseline 0 -17"><span class='ocrx_word' id='word_1_110' title='bbox 372 1347 575 1394; x_wconf 85' lang='lat' dir='ltr'>avertit?</span> <span class='ocrx_word' id='word_1_111' title='bbox 613 1360 768 1393; x_wconf 89' lang='lat' dir='ltr'>tantos</span> <span class='ocrx_word' id='word_1_112' title='bbox 794 1347 971 1394; x_wconf 89' lang='lat' dir='ltr'>ratibus</span> <span class='ocrx_word' id='word_1_113' title='bbox 997 1348 1101 1410; x_wconf 91' lang='lat' dir='ltr'>quis</span> <span class='ocrx_word' id='word_1_114' title='bbox 1127 1348 1313 1410; x_wconf 88' lang='lat' dir='ltr'>depulit</span> <span class='ocrx_word' id='word_1_115' title='bbox 1339 1348 1501 1408; x_wconf 89' lang='lat' dir='ltr'>ignes?</span> 
     </span>
     <span class='ocr_line' id='line_1_18' title="bbox 371 1413 1583 1476; baseline 0.002 -17"><span class='ocrx_word' id='word_1_116' title='bbox 371 1413 533 1460; x_wconf 89' lang='lat' dir='ltr'>dicite.</span> <span class='ocrx_word' id='word_1_117' title='bbox 604 1414 756 1476; x_wconf 91' lang='lat' dir='ltr'>prisca</span> <span class='ocrx_word' id='word_1_118' title='bbox 782 1414 895 1460; x_wconf 85' lang='lat' dir='ltr'>fides</span> <span class='ocrx_word' id='word_1_119' title='bbox 921 1415 1062 1472; x_wconf 91' lang='lat' dir='ltr'>facto,</span> <span class='ocrx_word' id='word_1_120' title='bbox 1089 1415 1170 1461; x_wconf 91' lang='lat' dir='ltr'>sed</span> <span class='ocrx_word' id='word_1_121' title='bbox 1195 1415 1319 1460; x_wconf 91' lang='lat' dir='ltr'>fama</span> <span class='ocrx_word' id='word_1_122' title='bbox 1344 1413 1583 1476; x_wconf 88' lang='lat' dir='ltr'>perennis.</span> 
     </span>
     <span class='ocr_line' id='line_1_19' title="bbox 373 1480 1802 1543; baseline 0 -17"><span class='ocrx_word' id='word_1_123' title='bbox 373 1493 585 1543; x_wconf 84' lang='lat' dir='ltr'>tempore</span> <span class='ocrx_word' id='word_1_124' title='bbox 613 1498 707 1543; x_wconf 90' lang='lat' dir='ltr'>quo</span> <span class='ocrx_word' id='word_1_125' title='bbox 733 1481 939 1543; x_wconf 90' lang='lat' dir='ltr'>primum</span> <span class='ocrx_word' id='word_1_126' title='bbox 968 1481 1168 1542; x_wconf 89' lang='lat' dir='ltr'>Phrygia</span> <span class='ocrx_word' id='word_1_127' title='bbox 1194 1481 1427 1527; x_wconf 89' lang='lat' dir='ltr'>formabat</span> <span class='ocrx_word' id='word_1_128' title='bbox 1453 1480 1502 1526; x_wconf 91' lang='lat' dir='ltr'>in</span> <span class='ocrx_word' id='word_1_129' title='bbox 1529 1481 1615 1527; x_wconf 88' lang='lat' dir='ltr'>Ida</span> <span class='ocrx_word' id='word_1_130' title='bbox 1761 1493 1802 1526; x_wconf 89' lang='lat'>80</span> 
     </span>
     <span class='ocr_line' id='line_1_20' title="bbox 370 1547 1573 1610; baseline 0.001 -17"><span class='ocrx_word' id='word_1_131' title='bbox 370 1548 556 1593; x_wconf 91' lang='lat' dir='ltr'>Aeneas</span> <span class='ocrx_word' id='word_1_132' title='bbox 584 1548 779 1594; x_wconf 90' lang='lat' dir='ltr'>classem</span> <span class='ocrx_word' id='word_1_133' title='bbox 806 1561 851 1594; x_wconf 89' lang='lat' dir='ltr'>et</span> <span class='ocrx_word' id='word_1_134' title='bbox 876 1547 1030 1610; x_wconf 88' lang='lat' dir='ltr'>pelagi</span> <span class='ocrx_word' id='word_1_135' title='bbox 1056 1560 1218 1610; x_wconf 90' lang='lat' dir='ltr'>petere</span> <span class='ocrx_word' id='word_1_136' title='bbox 1244 1548 1339 1594; x_wconf 92' lang='lat' dir='ltr'>alta</span> <span class='ocrx_word' id='word_1_137' title='bbox 1363 1547 1573 1610; x_wconf 88' lang='lat' dir='ltr'>parabat,</span> 
     </span>
     <span class='ocr_line' id='line_1_21' title="bbox 370 1613 1619 1676; baseline 0 -17"><span class='ocrx_word' id='word_1_138' title='bbox 370 1613 469 1676; x_wconf 85' lang='lat' dir='ltr'>ipsa</span> <span class='ocrx_word' id='word_1_139' title='bbox 494 1614 637 1661; x_wconf 90' lang='lat' dir='ltr'>deum</span> <span class='ocrx_word' id='word_1_140' title='bbox 665 1614 814 1661; x_wconf 86' lang='lat' dir='ltr'>fertur</span> <span class='ocrx_word' id='word_1_141' title='bbox 839 1615 1058 1675; x_wconf 85' lang='lat' dir='ltr'>genetrix</span> <span class='ocrx_word' id='word_1_142' title='bbox 1084 1614 1368 1676; x_wconf 85' lang='lat' dir='ltr'>Berecyntia</span> <span class='ocrx_word' id='word_1_143' title='bbox 1393 1629 1619 1674; x_wconf 91' lang='lat' dir='ltr'>magnum</span> 
     </span>
     <span class='ocr_line' id='line_1_22' title="bbox 370 1680 1587 1743; baseline 0 -18"><span class='ocrx_word' id='word_1_144' title='bbox 370 1680 566 1726; x_wconf 81' lang='lat' dir='ltr'>vocibus</span> <span class='ocrx_word' id='word_1_145' title='bbox 593 1681 664 1726; x_wconf 84' lang='lat' dir='ltr'>his</span> <span class='ocrx_word' id='word_1_146' title='bbox 691 1681 848 1727; x_wconf 90' lang='lat' dir='ltr'>adfata</span> <span class='ocrx_word' id='word_1_147' title='bbox 873 1682 1066 1727; x_wconf 89' lang='lat' dir='ltr'>Iovem:</span> <span class='ocrx_word' id='word_1_148' title='bbox 1105 1681 1207 1738; x_wconf 89' lang='lat' dir='ltr'>‘da,</span> <span class='ocrx_word' id='word_1_149' title='bbox 1235 1693 1360 1738; x_wconf 90' lang='lat' dir='ltr'>nate,</span> <span class='ocrx_word' id='word_1_150' title='bbox 1386 1680 1587 1743; x_wconf 89' lang='lat' dir='ltr'>petenti,</span> 
     </span>
     <span class='ocr_line' id='line_1_23' title="bbox 372 1747 1633 1809; baseline 0.001 -17"><span class='ocrx_word' id='word_1_151' title='bbox 372 1747 498 1809; x_wconf 93' lang='lat' dir='ltr'>quod</span> <span class='ocrx_word' id='word_1_152' title='bbox 524 1759 603 1793; x_wconf 92' lang='lat' dir='ltr'>tua</span> <span class='ocrx_word' id='word_1_153' title='bbox 630 1764 733 1793; x_wconf 91' lang='lat' dir='ltr'>cara</span> <span class='ocrx_word' id='word_1_154' title='bbox 759 1765 926 1809; x_wconf 88' lang='lat' dir='ltr'>parens</span> <span class='ocrx_word' id='word_1_155' title='bbox 951 1747 1134 1794; x_wconf 91' lang='lat' dir='ltr'>domito</span> <span class='ocrx_word' id='word_1_156' title='bbox 1161 1760 1206 1793; x_wconf 89' lang='lat' dir='ltr'>te</span> <span class='ocrx_word' id='word_1_157' title='bbox 1233 1747 1382 1808; x_wconf 89' lang='lat' dir='ltr'>poscit</span> <span class='ocrx_word' id='word_1_158' title='bbox 1410 1747 1633 1808; x_wconf 87' lang='lat' dir='ltr'>Olympo.</span> 
     </span>
     <span class='ocr_line' id='line_1_24' title="bbox 372 1813 1586 1876; baseline 0.001 -18"><span class='ocrx_word' id='word_1_159' title='bbox 372 1813 534 1874; x_wconf 90' lang='lat' dir='ltr'>[pinea</span> <span class='ocrx_word' id='word_1_160' title='bbox 562 1813 679 1860; x_wconf 87' lang='lat' dir='ltr'>silva</span> <span class='ocrx_word' id='word_1_161' title='bbox 706 1814 841 1871; x_wconf 91' lang='lat' dir='ltr'>mihi,</span> <span class='ocrx_word' id='word_1_162' title='bbox 870 1814 1045 1860; x_wconf 91' lang='lat' dir='ltr'>multos</span> <span class='ocrx_word' id='word_1_163' title='bbox 1072 1814 1247 1860; x_wconf 88' lang='lat' dir='ltr'>dilecta</span> <span class='ocrx_word' id='word_1_164' title='bbox 1271 1830 1355 1876; x_wconf 91' lang='lat' dir='ltr'>per</span> <span class='ocrx_word' id='word_1_165' title='bbox 1380 1830 1526 1859; x_wconf 89' lang='lat' dir='ltr'>annos</span> <span class='ocrx_word' id='word_1_166' title='bbox 1550 1813 1586 1875; x_wconf 69' lang='grc' dir='ltr'>ς]</span> 
     </span>
     <span class='ocr_line' id='line_1_25' title="bbox 371 1879 1588 1943; baseline 0.001 -18"><span class='ocrx_word' id='word_1_167' title='bbox 371 1879 542 1926; x_wconf 90' lang='lat' dir='ltr'>lucus</span> <span class='ocrx_word' id='word_1_168' title='bbox 532 1897 580 1925; x_wconf 88' lang='lat' dir='ltr'>m</span> <span class='ocrx_word' id='word_1_169' title='bbox 608 1896 711 1926; x_wconf 86' lang='lat' dir='ltr'>arce</span> <span class='ocrx_word' id='word_1_170' title='bbox 739 1880 829 1926; x_wconf 89' lang='lat' dir='ltr'>fuit</span> <span class='ocrx_word' id='word_1_171' title='bbox 855 1897 1053 1938; x_wconf 90' lang='lat' dir='ltr'>summa,</span> <span class='ocrx_word' id='word_1_172' title='bbox 1081 1897 1174 1943; x_wconf 90' lang='lat' dir='ltr'>quo</span> <span class='ocrx_word' id='word_1_173' title='bbox 1201 1897 1327 1926; x_wconf 90' lang='lat' dir='ltr'>sacra</span> <span class='ocrx_word' id='word_1_174' title='bbox 1354 1880 1588 1936; x_wconf 88' lang='lat' dir='ltr'>ferebant,</span> 
     </span>
     <span class='ocr_line' id='line_1_26' title="bbox 372 1946 1562 2009; baseline 0.001 -18"><span class='ocrx_word' id='word_1_175' title='bbox 372 1946 576 2006; x_wconf 89' lang='lat' dir='ltr'>nigranti</span> <span class='ocrx_word' id='word_1_176' title='bbox 605 1946 739 2008; x_wconf 90' lang='lat' dir='ltr'>picea</span> <span class='ocrx_word' id='word_1_177' title='bbox 768 1947 1071 2009; x_wconf 85' lang='lat' dir='ltr'>trabibusque</span> <span class='ocrx_word' id='word_1_178' title='bbox 1096 1948 1322 1993; x_wconf 89' lang='lat' dir='ltr'>obscurus</span> <span class='ocrx_word' id='word_1_179' title='bbox 1350 1946 1562 1993; x_wconf 88' lang='lat' dir='ltr'>acernis:</span> 
     </span>
     <span class='ocr_line' id='line_1_27' title="bbox 371 2012 1562 2074; baseline 0 -16"><span class='ocrx_word' id='word_1_180' title='bbox 371 2013 451 2058; x_wconf 91' lang='lat' dir='ltr'>has</span> <span class='ocrx_word' id='word_1_181' title='bbox 479 2029 564 2073; x_wconf 90' lang='lat' dir='ltr'>ego</span> <span class='ocrx_word' id='word_1_182' title='bbox 590 2012 872 2058; x_wconf 89' lang='lat' dir='ltr'>Dardanio</span> <span class='ocrx_word' id='word_1_183' title='bbox 861 2013 1041 2070; x_wconf 78' lang='lat' dir='ltr'>iuveni,</span> <span class='ocrx_word' id='word_1_184' title='bbox 1068 2030 1178 2059; x_wconf 89' lang='lat' dir='ltr'>cum</span> <span class='ocrx_word' id='word_1_185' title='bbox 1204 2012 1360 2059; x_wconf 89' lang='lat' dir='ltr'>classis</span> <span class='ocrx_word' id='word_1_186' title='bbox 1387 2025 1562 2074; x_wconf 88' lang='lat' dir='ltr'>egeret,</span> 
     </span>
     <span class='ocr_line' id='line_1_28' title="bbox 371 2078 1635 2140; baseline 0.001 -16"><span class='ocrx_word' id='word_1_187' title='bbox 371 2079 494 2125; x_wconf 90' lang='lat' dir='ltr'>laeta</span> <span class='ocrx_word' id='word_1_188' title='bbox 518 2079 660 2135; x_wconf 86' lang='lat' dir='ltr'>dedi3</span> <span class='ocrx_word' id='word_1_189' title='bbox 699 2096 827 2125; x_wconf 91' lang='lat' dir='ltr'>nunc</span> <span class='ocrx_word' id='word_1_190' title='bbox 856 2079 1107 2125; x_wconf 90' lang='lat' dir='ltr'>sollicitam</span> <span class='ocrx_word' id='word_1_191' title='bbox 1135 2079 1275 2125; x_wconf 91' lang='lat' dir='ltr'>timor</span> <span class='ocrx_word' id='word_1_192' title='bbox 1300 2079 1464 2125; x_wconf 86' lang='lat' dir='ltr'>anxius</span> <span class='ocrx_word' id='word_1_193' title='bbox 1491 2078 1635 2140; x_wconf 90' lang='lat' dir='ltr'>angit.</span> 
     </span>
     <span class='ocr_line' id='line_1_29' title="bbox 371 2145 1780 2208; baseline 0.001 -17"><span class='ocrx_word' id='word_1_194' title='bbox 371 2145 498 2191; x_wconf 88' lang='lat' dir='ltr'>solve</span> <span class='ocrx_word' id='word_1_195' title='bbox 524 2158 679 2192; x_wconf 90' lang='lat' dir='ltr'>metus</span> <span class='ocrx_word' id='word_1_196' title='bbox 706 2159 846 2208; x_wconf 89' lang='lat' dir='ltr'>atque</span> <span class='ocrx_word' id='word_1_197' title='bbox 872 2147 963 2192; x_wconf 91' lang='lat' dir='ltr'>hoc</span> <span class='ocrx_word' id='word_1_198' title='bbox 990 2146 1206 2208; x_wconf 88' lang='lat' dir='ltr'>precibus</span> <span class='ocrx_word' id='word_1_199' title='bbox 1233 2146 1333 2192; x_wconf 88' lang='lat' dir='ltr'>sine</span> <span class='ocrx_word' id='word_1_200' title='bbox 1358 2162 1492 2208; x_wconf 89' lang='lat' dir='ltr'>posse</span> <span class='ocrx_word' id='word_1_201' title='bbox 1517 2157 1780 2208; x_wconf 88' lang='lat' dir='ltr'>parentem,</span> 
     </span>
     <span class='ocr_line' id='line_1_30' title="bbox 372 2211 1801 2275; baseline -0.001 -17"><span class='ocrx_word' id='word_1_202' title='bbox 372 2229 464 2258; x_wconf 90' lang='lat' dir='ltr'>neu</span> <span class='ocrx_word' id='word_1_203' title='bbox 492 2229 627 2258; x_wconf 91' lang='lat' dir='ltr'>cursu</span> <span class='ocrx_word' id='word_1_204' title='bbox 655 2226 897 2275; x_wconf 88' lang='lat' dir='ltr'>quassatae</span> <span class='ocrx_word' id='word_1_205' title='bbox 925 2213 1025 2259; x_wconf 92' lang='lat' dir='ltr'>ullo</span> <span class='ocrx_word' id='word_1_206' title='bbox 1050 2230 1143 2259; x_wconf 87' lang='lat' dir='ltr'>neu</span> <span class='ocrx_word' id='word_1_207' title='bbox 1171 2212 1360 2259; x_wconf 91' lang='lat' dir='ltr'>turbine</span> <span class='ocrx_word' id='word_1_208' title='bbox 1385 2211 1516 2258; x_wconf 90' lang='lat' dir='ltr'>venti</span> <span class='ocrx_word' id='word_1_209' title='bbox 1763 2234 1801 2267; x_wconf 88' lang='lat'>91</span> 
     </span>
     <span class='ocr_line' id='line_1_31' title="bbox 371 2277 1559 2340; baseline 0.001 -17"><span class='ocrx_word' id='word_1_210' title='bbox 371 2278 657 2335; x_wconf 86' lang='lat' dir='ltr'>vincantur3</span> <span class='ocrx_word' id='word_1_211' title='bbox 695 2279 839 2340; x_wconf 90' lang='lat' dir='ltr'>prosit</span> <span class='ocrx_word' id='word_1_212' title='bbox 867 2279 1035 2325; x_wconf 87' lang='lat' dir='ltr'>nostris</span> <span class='ocrx_word' id='word_1_213' title='bbox 1061 2279 1111 2325; x_wconf 91' lang='lat' dir='ltr'>in</span> <span class='ocrx_word' id='word_1_214' title='bbox 1139 2279 1379 2325; x_wconf 89' lang='lat' dir='ltr'>montibus</span> <span class='ocrx_word' id='word_1_215' title='bbox 1404 2277 1559 2324; x_wconf 91' lang='lat' dir='ltr'>ortas.’</span> 
     </span>
     <span class='ocr_line' id='line_1_32' title="bbox 373 2344 1564 2408; baseline 0 -19"><span class='ocrx_word' id='word_1_216' title='bbox 373 2344 495 2390; x_wconf 89' lang='lat' dir='ltr'>filius</span> <span class='ocrx_word' id='word_1_217' title='bbox 521 2345 634 2391; x_wconf 89' lang='lat' dir='ltr'>huic</span> <span class='ocrx_word' id='word_1_218' title='bbox 663 2358 842 2402; x_wconf 93' lang='lat' dir='ltr'>contra,</span> <span class='ocrx_word' id='word_1_219' title='bbox 871 2358 1058 2408; x_wconf 89' lang='lat' dir='ltr'>torquet</span> <span class='ocrx_word' id='word_1_220' title='bbox 1084 2345 1165 2407; x_wconf 92' lang='lat' dir='ltr'>qui</span> <span class='ocrx_word' id='word_1_221' title='bbox 1193 2345 1342 2391; x_wconf 88' lang='lat' dir='ltr'>sidera</span> <span class='ocrx_word' id='word_1_222' title='bbox 1367 2344 1564 2391; x_wconf 90' lang='lat' dir='ltr'>mundi:</span> 
     </span>
    </p>

    <p class='ocr_par' dir='ltr' id='par_1_4' title="bbox 341 2409 1652 2740">
     <span class='ocr_line' id='line_1_33' title="bbox 341 2409 1650 2473; baseline 0.001 -17"><span class='ocrx_word' id='word_1_223' title='bbox 341 2415 353 2435; x_wconf 90' lang='lat'>‘</span> <span class='ocrx_word' id='word_1_224' title='bbox 373 2428 400 2456; x_wconf 98' lang='lat' dir='ltr'>o</span> <span class='ocrx_word' id='word_1_225' title='bbox 424 2411 656 2471; x_wconf 81' lang='lat' dir='ltr'>genetrix,</span> <span class='ocrx_word' id='word_1_226' title='bbox 684 2429 778 2473; x_wconf 92' lang='lat' dir='ltr'>quo</span> <span class='ocrx_word' id='word_1_227' title='bbox 805 2411 900 2457; x_wconf 88' lang='lat' dir='ltr'>fata</span> <span class='ocrx_word' id='word_1_228' title='bbox 927 2415 1092 2457; x_wconf 86' lang='lat' dir='ltr'>vocas?</span> <span class='ocrx_word' id='word_1_229' title='bbox 1129 2423 1209 2457; x_wconf 92' lang='lat' dir='ltr'>aut</span> <span class='ocrx_word' id='word_1_230' title='bbox 1235 2410 1350 2473; x_wconf 91' lang='lat' dir='ltr'>quid</span> <span class='ocrx_word' id='word_1_231' title='bbox 1374 2409 1494 2472; x_wconf 90' lang='lat' dir='ltr'>petis</span> <span class='ocrx_word' id='word_1_232' title='bbox 1520 2410 1650 2457; x_wconf 89' lang='lat' dir='ltr'>istis?</span> 
     </span>
     <span class='ocr_line' id='line_1_34' title="bbox 373 2476 1468 2523; baseline 0 -1"><span class='ocrx_word' id='word_1_233' title='bbox 373 2477 626 2523; x_wconf 89' lang='lat' dir='ltr'>mortaline</span> <span class='ocrx_word' id='word_1_234' title='bbox 653 2493 796 2523; x_wconf 91' lang='lat' dir='ltr'>manu</span> <span class='ocrx_word' id='word_1_235' title='bbox 824 2478 975 2523; x_wconf 90' lang='lat' dir='ltr'>factae</span> <span class='ocrx_word' id='word_1_236' title='bbox 1003 2477 1253 2523; x_wconf 88' lang='lat' dir='ltr'>inmortale</span> <span class='ocrx_word' id='word_1_237' title='bbox 1280 2476 1468 2523; x_wconf 91' lang='lat' dir='ltr'>carinae</span> 
     </span>
     <span class='ocr_line' id='line_1_35' title="bbox 374 2542 1627 2606; baseline 0.001 -17"><span class='ocrx_word' id='word_1_238' title='bbox 374 2544 440 2589; x_wconf 90' lang='lat' dir='ltr'>fas</span> <span class='ocrx_word' id='word_1_239' title='bbox 465 2544 703 2590; x_wconf 90' lang='lat' dir='ltr'>habeant?</span> <span class='ocrx_word' id='word_1_240' title='bbox 739 2556 988 2606; x_wconf 88' lang='lat' dir='ltr'>certusque</span> <span class='ocrx_word' id='word_1_241' title='bbox 1015 2543 1199 2589; x_wconf 86' lang='lat' dir='ltr'>incerta</span> <span class='ocrx_word' id='word_1_242' title='bbox 1222 2542 1434 2605; x_wconf 90' lang='lat' dir='ltr'>pericula</span> <span class='ocrx_word' id='word_1_243' title='bbox 1459 2543 1627 2590; x_wconf 89' lang='lat' dir='ltr'>lustret</span> 
     </span>
     <span class='ocr_line' id='line_1_36' title="bbox 373 2609 1489 2672; baseline -0.001 -16"><span class='ocrx_word' id='word_1_244' title='bbox 373 2611 592 2656; x_wconf 87' lang='lat' dir='ltr'>Aeneas?</span> <span class='ocrx_word' id='word_1_245' title='bbox 629 2609 705 2656; x_wconf 91' lang='lat' dir='ltr'>cui</span> <span class='ocrx_word' id='word_1_246' title='bbox 734 2622 865 2656; x_wconf 92' lang='lat' dir='ltr'>tanta</span> <span class='ocrx_word' id='word_1_247' title='bbox 890 2610 980 2656; x_wconf 89' lang='lat' dir='ltr'>deo</span> <span class='ocrx_word' id='word_1_248' title='bbox 1005 2610 1229 2672; x_wconf 89' lang='lat' dir='ltr'>permissa</span> <span class='ocrx_word' id='word_1_249' title='bbox 1254 2613 1489 2672; x_wconf 89' lang='lat' dir='ltr'>potestas?</span> 
     </span>
     <span class='ocr_line' id='line_1_37' title="bbox 375 2676 1652 2740; baseline 0.002 -18"><span class='ocrx_word' id='word_1_250' title='bbox 375 2677 537 2734; x_wconf 90' lang='lat' dir='ltr'>immo,</span> <span class='ocrx_word' id='word_1_251' title='bbox 565 2676 645 2723; x_wconf 93' lang='lat' dir='ltr'>ubi</span> <span class='ocrx_word' id='word_1_252' title='bbox 673 2676 931 2723; x_wconf 90' lang='lat' dir='ltr'>defunctae</span> <span class='ocrx_word' id='word_1_253' title='bbox 958 2676 1102 2723; x_wconf 85' lang='lat' dir='ltr'>finem</span> <span class='ocrx_word' id='word_1_254' title='bbox 1128 2689 1385 2740; x_wconf 86' lang='lat' dir='ltr'>portusque</span> <span class='ocrx_word' id='word_1_255' title='bbox 1412 2678 1652 2724; x_wconf 87' lang='lat' dir='ltr'>tenebunt</span> 
     </span>
    </p>
   </div>
   <div class='ocr_carea' id='block_1_3' title="bbox 851 2756 1262 2807">
    <p class='ocr_par' dir='ltr' id='par_1_5' title="bbox 851 2756 1262 2807">
     <span class='ocr_line' id='line_1_38' title="bbox 851 2756 1262 2807; baseline 0.007 -13"><span class='ocrx_word' id='word_1_256' title='bbox 851 2756 899 2806; x_wconf 86' lang='lat'>67</span> <span class='ocrx_word' id='word_1_257' title='bbox 929 2771 1012 2807; x_wconf 84' lang='lat' dir='ltr'>qua.</span> <span class='ocrx_word' id='word_1_258' title='bbox 1124 2769 1169 2807; x_wconf 91' lang='lat'>91</span> <span class='ocrx_word' id='word_1_259' title='bbox 1203 2771 1262 2797; x_wconf 86' lang='lat' dir='ltr'>ne.</span> 
     </span>
    </p>
   </div>
  </div>
 </body>
</html>
