1866 3208
276 251 359 298 296
729 249 773 287 P.
797 247 1032 286 VERGILI
1062 247 1323 287 MARONIS

412 354 602 401 tandem
628 354 843 400 ductores
869 353 1023 400 audita
1046 354 1189 401 caede
1214 371 1402 401 suorum

344 420 637 467 conveniunt
663 419 861 476 Teucri,
888 420 1170 468 Mnestheus
1194 437 1392 484 acerque
1421 422 1645 479 Serestus,

341 487 646 549 palantesque
670 485 836 533 vident
860 486 1005 533 socios
1030 488 1306 550 hostemque
1330 500 1591 549 receptum.
1709 502 1773 543 780

344 567 391 600 et
440 553 721 598 Mnestheus
771 556 889 616 ‘quo
934 553 1106 601 deinde
1153 554 1328 614 fugam,
1375 571 1469 616 quo
1520 553 1741 602 tenditis?
1759 554 1771 575 ’

477 633 647 681 inqult.

312 693 457 748 ‘quos
483 685 595 731 alios
622 701 795 742 muros,
821 703 937 749 quae
963 685 1055 734 iam
1081 687 1201 734 ultra
1225 686 1413 734 moenia
1436 687 1648 734 habetis?

345 769 465 798 unus
490 753 634 798 homo
659 765 705 799 et
729 753 907 810 vestris,
932 770 959 799 o
985 753 1123 812 cives,
1153 754 1361 816 undique
1388 766 1569 815 saeptus

343 818 582 879 aggeribus
608 832 757 865 tantas
783 832 952 880 strages
977 820 1157 883 inpune
1182 837 1265 882 per
1292 820 1456 866 urbem

344 884 574 932 ediderit?
609 884 837 932 iuvenum
863 886 1035 948 primos
1061 899 1131 934 tot
1156 887 1332 934 miserit
1359 887 1520 933 Orco?

344 969 441 998 non
468 951 677 998 infelicis
703 951 884 1014 patriae
910 966 1221 1028 veterumque
1247 954 1444 1000 deorum

344 1032 391 1065 et
418 1017 575 1079 magni
601 1019 812 1076 Aeneae,
839 1035 1018 1079 segnes,
1046 1019 1331 1083 miseretque
1356 1020 1632 1083 pudetque.
1625 1017 1668 1054 Ρ’

344 1085 515 1132 talibus
543 1084 732 1131 accensi
755 1084 1004 1131 firmantur
1030 1098 1076 1132 et
1103 1086 1289 1147 agmine
1315 1087 1462 1133 denso

343 1151 629 1199 consistunt.
702 1152 899 1197 Turnus
924 1152 1154 1215 paulatim
1181 1153 1412 1200 excedere
1437 1170 1596 1216 pugna

343 1232 390 1265 et
414 1218 613 1265 fluvium
638 1231 803 1281 petere
830 1235 882 1265 ac
909 1232 1091 1280 partem
1117 1236 1236 1282 quae
1262 1219 1468 1280 cingitur
1493 1220 1635 1266 unda.
1717 1243 1779 1274 790

344 1285 495 1331 acrius
521 1287 610 1331 hoc
639 1285 822 1332 Teucri
851 1285 1060 1332 clamore
1087 1286 1366 1332 incumbere
1392 1302 1562 1346 magno

344 1365 391 1398 et
417 1353 678 1412 glomerare
705 1368 902 1398 manum
928 1370 938 1398 :
977 1369 1064 1399 ceu
1091 1369 1282 1398 saevum
1308 1352 1444 1398 turba
1471 1353 1662 1398 leonem

343 1435 452 1465 cum
481 1418 585 1464 telis
612 1418 790 1481 premit
817 1417 1054 1477 infensis3
1091 1432 1136 1464 at
1163 1418 1352 1465 territus
1378 1418 1477 1477 ille,

343 1502 491 1547 asper,
519 1485 688 1531 acerba
716 1498 871 1543 tuens,
899 1498 1026 1532 retro
1051 1485 1190 1543 redit,
1219 1497 1265 1531 et
1291 1501 1449 1548 neque
1476 1496 1604 1546 terga

343 1551 410 1597 ira
435 1551 546 1597 dare
573 1564 654 1598 aut
680 1551 828 1598 virtus
855 1552 1051 1614 patitur,
1079 1569 1168 1598 nec
1197 1551 1394 1598 tendere
1420 1564 1602 1609 contra,

343 1618 425 1664 ille
468 1618 664 1681 quidem
703 1620 795 1666 hoc
839 1618 1054 1682 cupiens,
1098 1618 1220 1681 potis
1261 1632 1329 1665 est
1369 1636 1456 1681 per
1497 1618 1592 1665 tela
1632 1618 1778 1664 viros-

477 1702 585 1747 que.

342 1751 470 1797 haud
497 1751 634 1798 aliter
660 1765 787 1798 retro
812 1752 983 1798 dubius
1008 1751 1203 1812 vestigia
1229 1752 1423 1798 Turnus

343 1817 648 1881 inproperata
676 1818 838 1876 refert,
868 1831 916 1864 et
941 1835 1074 1864 mens
1102 1831 1345 1865 exaestuat
1372 1819 1453 1865 ira.

343 1884 459 1947 quin
487 1884 630 1931 etiam
658 1884 727 1931 bis
755 1897 857 1931 tum
884 1885 1066 1931 medios
1091 1884 1325 1931 invaserat
1349 1886 1524 1942 hosteS‚

343 1951 414 1997 bis
440 1951 640 1998 confusa
666 1951 776 2012 fuga
800 1968 885 2014 per
911 1968 1069 1997 muros
1096 1951 1282 2012 agmina
1306 1951 1485 2005 vertit3
1715 1966 1778 1998 800

345 2018 426 2064 sed
452 2035 618 2064 manus
645 2034 670 2064 e
698 2017 858 2064 castris
885 2034 1086 2080 propere
1113 2023 1208 2064 co'1't
1233 2017 1386 2063 omnis
1412 2017 1463 2063 in
1491 2034 1656 2074 unum,

344 2101 434 2131 nec
461 2097 627 2131 contra
654 2083 774 2130 vires
803 2084 945 2130 audet
973 2083 1190 2130 Saturnia
1217 2085 1339 2130 Iuno

345 2151 557 2197 sufficere
579 2171 594 2208 ;
630 2150 803 2198 aeriam
830 2151 962 2197 caelo
990 2167 1099 2196 nam
1126 2150 1343 2214 Iuppiter
1368 2150 1485 2197 Irim

345 2217 536 2264 demisit
561 2234 815 2278 germanae
841 2217 969 2263 haud
995 2216 1156 2264 mollia
1182 2217 1302 2263 iussa
1327 2217 1579 2274 ferentem,

346 2284 394 2330 ni
423 2284 619 2330 Turnus
647 2285 786 2331 cedat
812 2285 1114 2331 Teucrorum
1140 2284 1389 2330 moenibus
1415 2283 1537 2330 altis.

346 2367 455 2411 ergo
482 2367 571 2397 nec
598 2351 755 2413 clipeo
782 2351 966 2397 iuvenis
993 2351 1245 2396 subsistere
1271 2362 1459 2396 tantum

345 2433 435 2463 nec
461 2417 628 2463 dextra
652 2418 780 2463 valet
802 2438 815 2474 ;
852 2416 1041 2463 iniectis
1068 2417 1132 2462 sic
1160 2415 1372 2478 undique
1398 2415 1505 2462 telis

345 2483 580 2530 obruitur.
651 2483 818 2546 strepit
844 2483 1041 2529 adsiduo
1067 2499 1179 2529 cava
1206 2495 1419 2544 tempora
1445 2482 1625 2529 circum

346 2550 528 2596 tinnitu
553 2550 699 2610 galea,
728 2562 774 2596 et
800 2549 918 2596 saxis
945 2548 1094 2595 solida
1118 2565 1223 2594 aera
1250 2549 1491 2607 fatiscunt,

345 2617 676 2679 discussaeque
703 2616 842 2662 iubae
869 2615 1030 2678 capiti,
1058 2632 1146 2662 nec
1173 2615 1342 2661 sufficit
1369 2616 1513 2662 umbo
1713 2629 1777 2661 810

346 2683 520 2730 ictibus
544 2703 557 2740 3
594 2682 894 2744 ingeminant
918 2682 1062 2728 hastis
1090 2694 1136 2728 et
1163 2682 1312 2728 Troes
1340 2695 1386 2728 et
1412 2681 1511 2744 ipse

948 2770 1022 2808 793
1055 2771 1110 2798 ac·
