1861 3256
522 269 796 307 AENEIDOS
826 269 929 307 LIB.
959 269 978 307 1
1464 279 1513 316 99

74 378 255 441 experti
281 397 291 426 ε
328 390 542 424 revocate
569 376 765 432 animm,
790 391 1117 441 maestumque
1144 377 1363 424 timorem

74 445 250 492 mittite
273 466 286 501 3
324 446 476 491 forsan
503 457 548 490 et
573 444 687 489 haec
715 443 830 489 olim
856 445 1125 491 meminisse
1150 444 1345 491 iuvabit.

72 529 157 575 per
183 511 330 557 varios
357 528 502 568 casUS,
526 528 609 573 per
635 524 704 556 tot
729 510 1002 557 discrimina
1025 528 1182 558 rerum

75 579 313 626 tendimus
339 579 388 624 in
414 577 623 634 Latium,
649 577 776 623 sedes
805 577 886 623 ubi
913 577 1005 623 fata
1032 578 1210 640 quietas

74 646 366 701 ostendunt;
402 645 502 691 illic
529 645 594 690 fas
619 660 761 705 regna
786 660 1023 705 resurgere
1050 645 1241 692 Troiae.

75 713 254 769 durate,
283 726 329 759 et
354 726 533 759 vosmet
557 711 694 758 rebus
721 725 901 758 servate
929 711 1175 759 secundis?

142 780 252 826 talia
278 797 393 826 voce
420 780 580 836 refert,
606 779 823 842 curisque
850 778 1120 840 ingentibus
1148 796 1282 840 aeger

76 864 206 909 spem
232 848 366 893 vultu
393 847 596 901 simulat,
622 846 798 908 premit
825 846 975 892 altum
1001 846 1140 892 corde
1167 847 1396 893 dolorem.

75 914 145 960 illi
173 931 218 960 se
243 914 439 976 praedae
466 913 724 974 accingunt
751 913 1043 976 dapibusque
1069 913 1238 959 futuris
1263 933 1273 960 :
1456 938 1516 958 210

75 995 254 1041 tergora
277 980 509 1043 diripiunt
534 980 671 1026 costis
699 994 745 1026 et
772 980 948 1026 viscera
974 980 1173 1036 nudant,

73 1065 175 1110 pars
200 1047 250 1093 in
276 1048 421 1094 frusta
446 1061 604 1094 secant
630 1047 914 1110 veribusque
942 1047 1192 1093 trementia
1218 1047 1383 1108 figunt,

75 1115 210 1161 litore
238 1122 351 1160 aena
375 1115 535 1161 locant
562 1114 639 1161 alii
666 1113 973 1177 flammasque
1000 1114 1286 1161 ministrant.

74 1195 177 1228 tum
202 1181 332 1229 victu
358 1196 582 1229 revocant
607 1182 746 1239 vires,
774 1182 959 1245 fusique
986 1199 1067 1244 per
1092 1181 1308 1228 herbam

74 1249 320 1311 inplentur
346 1249 514 1295 veteris
541 1249 719 1296 Bacchi
748 1249 1029 1312 pinguisque
1054 1248 1262 1296 ferinae.

73 1329 321 1391 postquam
348 1330 569 1379 exempta
594 1317 740 1363 fames
770 1317 919 1379 epulis
945 1333 1227 1380 mensaeque
1253 1329 1476 1371 remotae,

75 1383 260 1429 amissos
287 1384 428 1444 longo
454 1383 599 1430 socios
627 1401 842 1430 sermone
868 1383 1115 1446 requirunt

76 1467 300 1525 spemque
326 1466 603 1526 metumque
630 1451 753 1497 inter
780 1451 926 1507 dubii,
957 1468 1035 1497 seu
1061 1450 1141 1496 viv
1143 1467 1216 1496 ere
1245 1450 1437 1497 credant

77 1517 171 1563 sive
198 1531 406 1563 extrema
431 1518 526 1580 pati
555 1535 642 1564 nec
671 1518 764 1564 iam
793 1518 1014 1564 exaudire
1039 1531 1241 1564 vocatos.

75 1584 326 1647 praecipue
352 1585 456 1647 pius
481 1587 664 1631 Aeneas
692 1602 822 1631 nunc
850 1585 964 1631 acris
993 1584 1185 1641 Oronti,
1459 1608 1521 1628 220

75 1669 205 1698 nunc
233 1652 406 1726 Amyci
434 1669 592 1698 casum
618 1652 766 1712 gemit
793 1666 838 1698 et
864 1651 1074 1697 crudelia
1099 1668 1260 1697 secum

76 1718 169 1764 fata
194 1719 267 1780 Ly
271 1719 313 1765 ci
340 1719 606 1781 fortemque
636 1719 717 1780 Gy
720 1736 777 1764 an
806 1719 1072 1782 fortemque
1100 1717 1411 1764 Cloanthum.

143 1799 189 1831 et
214 1785 306 1831 iam
332 1785 436 1831 finis
464 1799 572 1841 erat,
603 1802 714 1832 cum
743 1786 958 1848 Iuppiter
984 1786 1171 1831 aethere
1199 1802 1383 1831 summo

74 1852 334 1915 despiciens
362 1869 488 1898 mare
514 1852 775 1899 velivolum
805 1867 1038 1915 terrasque
1063 1852 1270 1899 iacentes

74 1919 302 1982 litoraque
329 1935 375 1967 et
402 1921 514 1966 latos
541 1921 753 1983 popuIOS‚
785 1920 848 1966 sic
876 1920 1051 1966 vertice
1078 1920 1195 1966 caeli

76 1986 286 2033 constitit
313 2002 359 2034 et
385 1987 562 2048 Libyae
591 1987 757 2034 defixit
785 1987 968 2033 lumina
993 1987 1149 2048 regnis
1172 2008 1184 2043 3

75 2068 212 2117 atque
238 2054 377 2100 illum
404 2055 517 2101 tales
544 2055 802 2101 iactantem
828 2068 1021 2117 pectore
1048 2071 1178 2101 curas

75 2121 249 2168 tristior
275 2135 322 2168 et
346 2121 550 2168 lacrimis
577 2122 738 2168 oculos
767 2122 938 2168 suffusa
964 2122 1167 2168 nitentes

76 2188 343 2252 adloquitur
369 2189 534 2235 Venus
559 2208 568 2236 ε
610 2196 665 2235 ‘0
694 2188 772 2252 qui
800 2206 870 2235 res
895 2188 1240 2251 hominumque
1268 2188 1505 2251 deumque

78 2255 273 2302 aeternis
298 2256 414 2317 regis
441 2256 648 2319 imperiis
675 2270 721 2302 et
749 2255 953 2302 fulmine
980 2270 1138 2313 terres,
1460 2281 1520 2309 230

78 2321 190 2384 quid
214 2340 344 2370 meus
370 2324 553 2370 Aeneas
580 2323 629 2369 in
657 2337 703 2369 te
731 2323 1030 2370 committere
1057 2336 1256 2379 tantum,

79 2388 193 2451 quid
218 2390 368 2437 Troes
393 2405 603 2453 potuere,
634 2391 804 2455 quibus
832 2405 899 2437 tot
926 2391 1091 2437 funera
1114 2390 1254 2453 passis

79 2469 277 2502 cunctus
302 2458 360 2504 ob
387 2458 574 2505 Italiam
602 2472 829 2504 terrarum
859 2457 1094 2504 clauditur
1119 2457 1240 2503 orbis
1261 2461 1276 2503 ?

81 2534 206 2568 certe
231 2522 342 2570 hinc
370 2525 605 2571 Romanos
633 2525 747 2571 olim
774 2525 1076 2571 volventibus
1103 2524 1253 2581 annis,

80 2587 192 2634 hinc
219 2588 315 2635 fore
340 2591 571 2650 ductores,
597 2606 814 2639 revocato
841 2611 865 2638 a
892 2592 1118 2653 sanguine
1147 2591 1343 2647 Teucri,

81 2655 161 2718 qui
188 2672 330 2712 mare,
355 2658 434 2720 qui
461 2672 599 2705 terras
626 2677 790 2706 omnes
817 2659 1004 2706 dicione
1031 2672 1264 2715 tenerent,

81 2721 322 2784 pollicitus
348 2741 358 2770 z
397 2741 513 2786 quae
540 2739 603 2782 te,
628 2727 827 2786 genitor,
853 2726 1086 2773 sententia
1113 2725 1287 2772 vertit?

652 2809 727 2857 236
759 2808 880 2845 omni.
