1861 3256
226 250 297 275 122
675 239 719 277 P.
749 237 983 276 VERGILI
1013 239 1271 277 MARONIS

290 349 384 395 feta
409 348 544 395 armis
568 367 578 395 :
616 347 746 410 pueri
773 346 954 393 circum
979 347 1297 411 innuptaeque
1322 347 1505 409 puellae

289 432 414 461 sacra
439 427 632 469 canunt,
659 414 916 476 funemque
941 430 1081 460 manu
1108 415 1379 475 contingere
1405 414 1624 474 gaudent.

287 481 367 527 illa
393 480 533 554 subit,
559 479 832 542 mediaeque
858 479 1040 526 minans
1064 481 1286 527 inlabitur
1311 479 1429 526 urbi.
1657 504 1720 535 240

286 565 313 592 o
339 546 501 608 patria,
528 563 554 591 o
580 545 738 591 divom
763 545 927 592 domus
952 546 1113 603 Ilium,
1139 560 1184 593 et
1209 546 1539 593 incluta1bello

286 611 472 658 moenia
499 611 861 659 Dardanidum!
902 626 1063 676 quater
1090 613 1188 675 ipso
1213 613 1261 658 in
1289 612 1453 658 limine
1479 625 1635 673 portae

286 677 504 734 substitit,
532 690 671 740 atque
698 691 830 724 utero
855 679 1062 725 sonitum
1088 693 1249 743 quater
1273 695 1398 724 arma
1422 678 1606 724 dedere.

285 745 508 790 instamus
526 757 690 795 ,tamen
719 744 1002 792 inmemores
1031 746 1252 820 caecique
1277 745 1452 801 furore,

286 824 330 856 et
356 823 617 857 monstrum
643 810 815 857 infelix
841 825 1016 858 sacrata
1041 812 1240 858 sistimus
1267 828 1385 857 arce.

285 890 397 922 tunc
427 876 566 923 etiam
593 877 696 923 fatis
723 878 870 939 aperit
900 878 1156 925 Cassandra
1181 878 1345 924 futuris

284 960 377 1000 ora,
403 943 477 989 dei
504 943 629 989 iussu
655 959 749 989 non
780 961 1005 1008 umquam
1032 945 1206 991 credita
1232 943 1447 990 Teucris.

285 1026 366 1055 nos
392 1009 585 1055 delubra
610 1009 752 1056 deum
781 1010 954 1067 miseri,
981 1011 1148 1073 quibus
1174 1010 1364 1057 ultimus
1391 1023 1508 1057 esset

285 1076 365 1122 ille
391 1076 503 1132 dies,
530 1076 644 1122 festa
670 1076 879 1122 velamus
907 1076 1070 1123 fronde
1095 1094 1177 1138 per
1203 1077 1383 1124 urbem.

352 1142 549 1188 vertitur
574 1142 754 1189 interea
781 1143 984 1199 caelum,
1010 1156 1055 1189 et
1081 1144 1172 1189 ruit
1199 1144 1392 1190 Oceano
1417 1160 1529 1199 nox,
1662 1166 1725 1196 250

285 1209 528 1255 involvens
556 1209 720 1255 umbra
747 1226 914 1270 magna
942 1222 1202 1273 terramque
1228 1211 1483 1272 polumque

287 1275 745 1338 Myrmidonumque
772 1275 903 1321 dolos
925 1295 939 1330 3
978 1276 1064 1322 fusi
1092 1293 1173 1338 per
1199 1276 1383 1322 moenia
1409 1276 1589 1322 Teucri

286 1342 557 1388 conticuere
582 1363 594 1398 ;
631 1359 764 1404 sopor
792 1342 933 1388 fessos
960 1342 1292 1404 complectitur
1316 1356 1456 1388 artus,

286 1421 330 1455 et
356 1408 448 1454 iam
473 1409 646 1469 Argiva
671 1409 879 1470 phalanx
907 1408 1144 1455 instructis
1171 1408 1365 1454 navibus
1390 1408 1487 1455 ibat

286 1492 310 1521 a
336 1475 536 1521 Tenedo
563 1476 728 1522 tacitae
758 1492 839 1537 per
868 1475 1018 1521 amica
1043 1475 1228 1521 silentia
1254 1475 1393 1521 lunae

287 1541 421 1588 litora
446 1555 554 1588 nota
580 1555 759 1604 petenS,
788 1541 997 1588 flammas
1027 1559 1137 1588 cum
1163 1542 1286 1603 regia
1312 1542 1481 1605 puppis

287 1609 534 1664 extulerat,
561 1609 757 1672 fatisque
787 1609 931 1655 deum
958 1609 1212 1654 defensus
1201 1609 1372 1671 1niquis

286 1674 490 1720 inclusos
517 1688 646 1720 utero
672 1675 861 1722 Danaos
891 1688 935 1721 et
962 1675 1103 1736 pinea
1128 1675 1290 1721 furtim

287 1741 410 1787 laxat
436 1741 636 1786 claustra
663 1742 826 1787 Sinon.
902 1741 1004 1787 illos
1033 1742 1288 1802 patefactus
1316 1741 1373 1787 ad
1397 1758 1526 1787 auras

286 1807 436 1854 reddit
462 1824 623 1870 equm,
650 1807 856 1870 laetique
885 1824 998 1853 cavo
1026 1824 1071 1854 se
1097 1807 1260 1854 robore
1286 1821 1510 1870 promunt
1666 1822 1727 1854 260

287 1873 611 1920 Thessandrus
639 1874 988 1937 Sthenelusque
1016 1874 1172 1931 duces,
1201 1887 1246 1920 et
1272 1875 1398 1921 dirus
1425 1874 1613 1930 Ulixes,

286 1940 539 1986 demissum
566 1940 678 2002 lapsi
706 1957 787 2001 per
817 1941 999 1997 funem,
1026 1942 1336 2003 Acamasque,
1363 1941 1633 2005 Thoasque,

289 2007 563 2069 Pelidesque
590 2005 957 2068 Neoptolemus,
983 2007 1253 2070 primusque
1282 2008 1538 2064 Machaon,

287 2088 331 2119 et
359 2073 626 2129 Menelau3‚
653 2086 699 2119 et
725 2072 822 2134 ipse
851 2073 946 2119 doli
976 2073 1222 2120 fabricator
1248 2074 1414 2136 Epeos·

287 2140 516 2185 invadunt
543 2139 708 2186 urbem
735 2157 902 2186 somno
929 2140 1134 2204 vinoque
1161 2141 1424 2203 sepultam·
1412 2177 1426 2196 ,

287 2206 548 2252 caeduntur
574 2207 753 2281 vigiles,
782 2206 1020 2270 portisque
1047 2207 1314 2282 patentibus
1338 2223 1498 2254 omnes

287 2272 528 2333 accipiunt
555 2273 713 2330 socios,
746 2287 883 2336 atque
911 2274 1097 2349 agmina
1123 2274 1310 2320 conscia
1334 2273 1552 2333 iungunt.

356 2353 538 2401 tempus
566 2354 678 2396 erat,
705 2358 798 2403 quo
827 2339 976 2402 prima
1001 2341 1129 2403 quies
1156 2339 1425 2386 mortalibus
1450 2338 1593 2399 aegris

289 2406 475 2467 incipit,
503 2419 547 2452 et
573 2406 698 2451 dono
726 2407 883 2452 divom
911 2407 1166 2467 gratissima
1192 2406 1345 2467 serpit.

289 2472 337 2517 in
365 2472 553 2528 somnis,
581 2489 710 2528 ecce,
737 2486 843 2518 ante
870 2473 1031 2518 oculos
1057 2472 1382 2518 maestissimus
1410 2471 1595 2519 Hector
1665 2496 1727 2527 270

289 2538 410 2584 visus
432 2539 594 2584 'adesse
622 2538 758 2594 mihi,
786 2539 1024 2601 largosque
1052 2539 1291 2585 effundere
1317 2537 1468 2595 fletus,

290 2618 491 2666 raptatus
521 2604 654 2665 bigis,
681 2618 731 2651 ut
757 2605 1011 2668 quondam,
1038 2619 1226 2667 aterque
1253 2618 1452 2651 cruento

291 2672 502 2733 pulvere,
528 2688 702 2734 perque
730 2672 867 2733 pedes
894 2671 1110 2718 traiectus
1138 2673 1232 2718 lora
1257 2685 1506 2719 tumenteS.

821 2760 893 2798 251
928 2761 1121 2796 magnam.

1827 450 1841 466 “-ἰ

1831 469 1841 497 v}

1813 527 1820 534 ι
1827 522 1843 538 ἸΙ

1828 567 1838 574 x

1830 581 1843 591 w

1828 609 1845 626 '-

1831 776 1847 801 ⁴o

1836 807 1849 818 r,

1843 824 1849 843 ⁴.

1835 851 1849 874 ›·,

1837 888 1850 918 i:

1834 923 1852 949 ζ.

1838 950 1853 1015 3:

1840 1014 1861 1084 'i'

1840 1086 1857 1189 ἒ

1840 1197 1844 1205 r

1846 1219 1857 1238 t,
