1861 3256
250 229 323 267 104
693 221 736 258 P.
765 219 999 257 VERGILI
1028 220 1285 258 MARONIS

312 340 460 374 matre
485 328 570 374 dea
595 339 882 373 monstrante
907 327 1044 383 viam,
1071 328 1175 374 data
1199 328 1292 373 fata
1317 337 1504 372 secutus
1524 345 1540 383 3

311 394 391 439 vix
417 407 596 456 septem
623 393 872 439 convulsae
899 394 1034 440 undis
1061 394 1278 457 Euroque
1304 405 1567 455 supersunt.

312 459 409 521 ipse
435 460 635 520 ignotu3‚
664 475 818 518 egenS,
843 459 1020 522 Libyae
1045 461 1222 507 deserta
1247 478 1455 522 peragro,

312 527 498 586 Europa
524 538 660 587 atque
686 525 796 571 Asia
819 525 1007 588 pulsus.'
1075 544 1164 574 nec
1190 528 1323 588 plura
1348 539 1627 590 querentem

311 609 437 654 passa
463 591 629 637 Venus
656 591 811 637 medio
837 592 900 639 sic
927 593 1145 639 interfata
1169 594 1328 639 dolore
1355 605 1424 639 est
1447 611 1457 639 t

380 656 613 720 ‘quisquis
640 674 700 714 es,
728 658 866 714 haud,
894 660 1047 717 credo,
1075 660 1250 706 invisus
1275 659 1552 706 caelestibus
1578 675 1706 705 auras

311 723 472 770 vitales
499 724 660 785 carpis,
691 724 887 786 Tyriam
913 726 991 790 qui
1018 727 1257 773 adveneris
1283 726 1464 772 urbem.

310 807 450 852 perge
477 790 618 836 modo
644 804 782 853 atque
807 791 919 838 hinc
947 805 992 838 te
1017 793 1202 853 reginae
1229 792 1286 838 ad
1311 791 1476 838 limina
1500 793 1669 853 perfer.

311 873 514 919 namque
540 856 626 903 tibi
653 857 848 904 reduces
874 858 1019 905 socios
1044 861 1330 922 classemque
1356 859 1549 904 relatam
1673 881 1737 914 390

311 923 481 969 nuntio
508 937 554 970 et
578 923 627 969 in
656 937 812 970 tutum
838 925 978 971 versis
1001 926 1317 989 Aquilonibus
1344 938 1509 981 actam,

310 990 360 1036 ni
386 990 552 1036 frustra
578 991 824 1050 augurium
850 991 956 1037 vani
981 993 1183 1039 docuere
1207 1005 1438 1055 parenteS.

311 1056 462 1118 aspice
489 1056 557 1102 bis
584 1073 718 1102 senos
744 1058 968 1104 laetantes
993 1059 1177 1119 agmine
1203 1076 1391 1120 cycnos,

311 1123 515 1169 aetheria
540 1140 654 1186 quos
681 1124 806 1186 lapsa
830 1125 963 1186 plaga
987 1126 1110 1171 Iovis
1135 1127 1227 1172 ales
1254 1139 1413 1188 aperto

311 1190 526 1237 turbabat
552 1191 682 1236 caelo
706 1211 719 1247 ;
756 1207 884 1238 nunc
911 1204 1049 1238 terras
1074 1192 1235 1238 ordine
1261 1193 1403 1251 longo

311 1270 390 1303 aut
415 1274 582 1319 capere
609 1271 687 1303 aut
714 1272 868 1319 captas
893 1257 985 1304 iam
1011 1259 1277 1320 despectare
1301 1257 1523 1305 videntur
1544 1275 1557 1305 z

311 1336 363 1370 ut
387 1323 581 1369 reduces
608 1323 679 1369 illi
706 1324 878 1370 ludunt
904 1325 1206 1371 stridentibus
1233 1324 1313 1370 alis

311 1403 358 1436 et
383 1403 521 1436 coetu
548 1387 740 1436 cinxere
766 1391 929 1453 polum
955 1405 1211 1454 cantusque
1237 1391 1421 1447 dedere,

309 1457 435 1502 haud
460 1457 594 1502 aliter
619 1474 894 1520 puppesque
920 1471 1027 1504 tuae
1051 1458 1292 1520 pubesque
1319 1471 1508 1504 tuorum

310 1537 389 1569 aut
413 1537 605 1586 portum
633 1538 763 1571 tenet
790 1537 869 1570 aut
894 1525 1037 1586 pleno
1062 1524 1185 1571 subit
1209 1524 1324 1570 ostia
1347 1525 1469 1570 velo.
1686 1548 1749 1577 400

309 1607 449 1652 perge
477 1591 616 1636 modo
643 1604 705 1647 et,
732 1588 822 1655 qua
847 1604 893 1638 te
919 1591 1051 1638 ducit
1076 1591 1166 1648 via,
1190 1590 1347 1650 derige
1373 1588 1607 1650 gressum.'

377 1657 510 1712 dixit,
539 1670 586 1703 et
611 1671 826 1704 avertens
852 1675 980 1704 rosea
1005 1657 1189 1704 cervice
1214 1656 1413 1712 refulsit,

310 1723 659 1787 ambrosiaeque
687 1740 848 1770 comae
875 1724 1090 1770 divinum
1115 1723 1291 1770 vertice
1315 1723 1507 1769 odorem

311 1790 538 1852 spiravere
559 1810 574 1844 3
610 1789 752 1852 pedes
779 1790 917 1836 vestis
942 1790 1140 1836 defluxit
1165 1790 1221 1836 ad
1246 1791 1361 1836 imos
1386 1809 1396 1836 z

311 1870 357 1903 et
382 1873 488 1902 vera
512 1857 696 1903 incessu
724 1857 878 1919 patuit
902 1857 1002 1904 dea.
1073 1857 1154 1903 ille
1180 1856 1260 1903 ubi
1286 1869 1482 1902 matrem

311 1923 548 1983 adgnovit,
575 1923 654 1969 tali
683 1923 947 1984 fugientem
974 1937 1040 1970 est
1065 1940 1180 1970 voce
1205 1937 1391 1969 secutus
1416 1941 1425 1968 :

277 1995 290 2015 ‘
311 1990 425 2053 quid
450 2004 614 2036 natum
642 1990 827 2047 totiens,
857 1990 1057 2036 crudelis
1083 2004 1133 2037 tu
1161 2006 1363 2052 quoque,
1390 1988 1513 2034 falsis

311 2056 432 2102 ludis
458 2056 740 2117 imaginibus
761 2060 777 2103 ?
816 2073 899 2103 cur
923 2057 1113 2103 dextrae
1138 2056 1331 2117 iungere
1356 2056 1571 2102 dextram

311 2140 406 2169 non
434 2123 584 2179 datur,
612 2139 663 2170 ac
691 2140 819 2170 veras
846 2123 1004 2169 audire
1031 2137 1077 2169 et
1101 2123 1293 2169 reddere
1318 2139 1454 2168 voces
1474 2120 1515 2168 ?’

310 2190 480 2236 talibus
507 2190 704 2246 incusat,
732 2207 1032 2253 gressumque
1059 2190 1115 2236 ad
1140 2189 1327 2235 moenia
1352 2187 1518 2235 tendit.
1678 2211 1742 2241 410

311 2269 356 2302 at
381 2257 546 2302 Venus
571 2257 769 2303 obscuro
797 2257 1057 2331 gradientes
1083 2264 1184 2302 aere
1211 2255 1392 2317 saepsit,

312 2336 358 2369 et
384 2323 535 2369 multo
561 2324 762 2370 nebulae
791 2324 972 2369 circum
997 2323 1083 2369 dea
1108 2323 1230 2369 fudit
1255 2321 1444 2376 amicta,

312 2405 506 2436 cernere
533 2406 591 2435 ne
619 2390 720 2452 quis
748 2407 822 2436 eos
849 2407 942 2436 neu
969 2390 1069 2452 quis
1095 2389 1367 2448 contingere
1391 2399 1561 2449 posset,

312 2456 525 2502 molirive
553 2473 730 2502 moram
757 2469 835 2502 aut
860 2456 1082 2501 veniendi
1109 2471 1296 2517 poscere
1323 2471 1493 2500 causas.

311 2522 408 2584 ipsa
434 2522 649 2584 Paphum
677 2522 888 2568 sublimis
915 2522 1025 2578 abit,
1054 2522 1275 2584 sedesque
1300 2520 1461 2566 revisit

312 2589 433 2635 laeta
458 2606 570 2644 suas,
601 2588 681 2634 ubi
709 2589 940 2650 templum
965 2588 1051 2643 illi,
1079 2601 1366 2650 centumque
1394 2585 1567 2633 Sabaeo

313 2668 416 2702 ture
444 2656 602 2701 calent
627 2671 727 2700 arae
753 2654 974 2717 sertisque
1000 2654 1272 2701 recentibus
1298 2654 1474 2700 halant.

383 2721 650 2784 corripuere
675 2720 799 2767 viam
824 2720 1016 2778 interea,
1043 2738 1134 2784 qua
1158 2720 1321 2767 semita
1346 2732 1570 2767 monstrat
1592 2737 1604 2766 z
