1861 3256
567 250 898 289 GEORGICON
928 251 1030 289 LIB.
1060 251 1080 289 Ι
1523 261 1575 300 29

140 373 186 406 at
212 359 450 421 Chalybes
475 358 591 405 nudi
618 358 810 414 ferrum,
836 358 1078 422 virosaque
1105 359 1283 405 Pontus

139 439 357 482 castorea,
386 425 607 472 Eliadum
631 426 807 487 palmas
834 425 998 487 Epiros
1025 429 1285 489 equarum?

141 493 372 540 continuo
396 494 476 538 has
500 493 625 553 leges
652 506 932 554 aeternaque
959 493 1147 539 foedera
1171 492 1308 538 certis
1537 508 1578 538 60

140 560 349 622 inposuit
374 573 536 605 natura
562 559 694 615 locis,
720 576 813 622 quo
841 573 1052 621 tempore
1079 559 1285 621 primum

140 627 408 674 Deucalion
434 643 637 673 vacuum
663 626 843 688 lapides
870 625 1060 672 iactavit
1086 627 1135 672 in
1162 627 1342 683 orbem,

140 694 266 740 unde
291 693 506 740 homines
532 693 647 754 nati,
672 693 846 754 durum
872 709 1036 753 genus.
1109 711 1216 754 ergo
1243 710 1338 754 age,
1367 706 1512 740 terrae

139 761 314 823 pingue
340 756 493 806 solum
510 757 679 822 primis
707 760 950 821 extemplo
976 777 1000 806 a
1025 761 1264 807 mensibus
1290 760 1402 806 anni

139 828 280 874 fortes
306 827 541 874 invertant
567 827 704 884 tauri,
731 827 1009 890 glaebasque
1035 827 1242 874 iacentes

138 894 471 956 pulverulenta
496 907 666 957 coquat
692 894 886 940 maturis
912 894 1084 940 solibus
1110 909 1251 941 aestas
1274 916 1287 952 ;

139 975 183 1008 at
209 961 244 1008 si
270 978 366 1007 non
393 960 537 1007 fuerit
563 961 704 1008 tellus
729 961 952 1018 fecunda,
979 961 1063 1007 sub
1088 961 1241 1023 ipsum

137 1029 396 1075 Arcturum
423 1027 554 1075 tenui
582 1042 648 1074 sat
677 1027 764 1074 erit
791 1029 1070 1091 suspendere
1098 1030 1227 1075 sulco
1251 1048 1261 1076 ε

137 1095 257 1152 illic,
282 1095 486 1142 officiant
512 1095 646 1142 laetis
673 1112 733 1141 ne
761 1095 971 1156 frugibus
998 1096 1186 1153 herbae,

136 1163 232 1218 hic,
261 1162 468 1209 sterilem
495 1162 692 1224 exiguus
718 1180 779 1209 ne
808 1163 988 1209 deserat
1015 1180 1149 1209 umor
1173 1165 1412 1210 harenam.
1541 1188 1583 1217 70

205 1230 396 1277 alternis
422 1229 549 1276 idem
577 1244 728 1277 tonsas
755 1247 931 1276 cessare
958 1230 1161 1286 novales,

139 1310 186 1344 et
211 1313 400 1358 segnem
427 1297 603 1360 patiere
632 1297 721 1344 situ
749 1297 997 1344 durescere
1025 1313 1246 1359 campum
1268 1317 1282 1353 ;

138 1378 217 1411 aut
241 1365 306 1410 ibi
333 1364 448 1410 flava
474 1382 593 1411 seres
620 1378 802 1411 mutato
830 1365 981 1411 sidere
1007 1365 1141 1420 farra,

139 1431 264 1478 unde
289 1431 416 1493 prius
442 1432 620 1478 laetum
649 1432 815 1495 siliqua
841 1445 1086 1495 quassante
1113 1431 1336 1492 legumen

139 1511 218 1545 aut
242 1498 396 1545 tenuis
421 1499 543 1545 fetus
571 1499 720 1545 viciae
750 1499 986 1563 tristisque
1013 1498 1167 1560 lupini

139 1565 377 1612 sustuleris
405 1566 588 1626 fragiles
617 1563 818 1612 calamos
846 1566 1105 1628 silvamque
1132 1578 1392 1612 sonantem.

139 1632 232 1679 urit
257 1632 386 1679 enim
411 1632 499 1678 lini
526 1649 750 1694 campum
778 1649 919 1693 seges,
950 1632 1042 1677 urit
1068 1649 1255 1689 avenae,

139 1712 283 1746 urunt
307 1699 517 1745 Lethaeo
543 1700 729 1761 perfusa
755 1716 983 1760 papavera
1009 1715 1174 1744 somno
1197 1702 1214 1744 ?

138 1767 218 1813 sed
243 1780 399 1813 tamen
427 1766 616 1813 alternis
642 1766 794 1812 facilis
823 1766 966 1822 labor,
996 1765 1120 1812 arida
1145 1778 1330 1813 tantum

136 1851 197 1880 ne
224 1848 426 1880 saturare
452 1833 563 1880 fimo
589 1833 755 1896 pingui
781 1833 957 1895 pudeat
983 1834 1077 1880 sola
1102 1850 1223 1880 neve
1542 1847 1584 1880 80

137 1901 299 1947 effetos
325 1901 535 1948 cinerem
562 1901 853 1947 inmundum
880 1901 1053 1947 iactare
1079 1918 1162 1963 per
1187 1917 1329 1962 agros.

136 1967 201 2015 sic
229 1986 414 2032 quoque
440 1968 630 2014 mutatis
658 1968 964 2031 requiescunt
989 1968 1164 2014 fetibus
1191 1985 1296 2014 arva
1319 1989 1332 2024 3

136 2052 225 2082 nec
251 2036 382 2081 nulla
408 2035 586 2082 interea
613 2048 680 2082 est
707 2035 911 2082 inaratae
938 2035 1083 2096 gratia
1107 2049 1270 2082 terrae.

205 2120 340 2165 saepe
367 2103 508 2149 etiam
535 2103 716 2150 steriles
744 2102 1001 2149 incendere
1029 2103 1206 2165 profuit
1232 2120 1376 2163 agros,

138 2183 275 2233 atque
301 2170 457 2217 levem
483 2170 705 2246 stipulam
733 2170 1073 2234 crepitantibus
1101 2187 1236 2216 urere
1263 2169 1462 2216 flammis
1487 2193 1499 2218 ι

137 2237 233 2284 sive
258 2237 370 2284 inde
396 2237 603 2284 occultas
631 2238 752 2284 vires
780 2252 827 2285 et
853 2238 1026 2300 pabula
1050 2251 1196 2284 terrae

138 2305 331 2367 pinguia
357 2305 654 2381 concipiunt,
683 2305 777 2351 sive
804 2305 897 2351 illis
926 2322 1065 2352 omne
1093 2323 1176 2368 per
1200 2305 1360 2366 ignem

140 2372 421 2436 excoquitur
446 2372 617 2419 vitium
645 2386 782 2435 atque
813 2373 1007 2419 exsudat
1033 2372 1215 2419 inutilis
1242 2391 1393 2431 umor,

141 2455 218 2486 seu
244 2441 398 2502 plures
425 2441 551 2486 calor
577 2440 658 2487 ille
684 2441 779 2486 vias
806 2453 853 2486 et
880 2457 1019 2487 caeca
1043 2441 1220 2488 relaxat

141 2506 436 2567 spiramenta,
460 2525 602 2554 novas
627 2508 787 2555 veniat
813 2526 904 2572 qua
929 2525 1066 2554 sucus
1092 2507 1141 2554 in
1167 2507 1331 2554 herbas
1356 2529 1368 2565 ;
1541 2531 1582 2562 90

142 2588 221 2618 seu
246 2573 379 2621 durat
403 2575 562 2636 magis,
591 2588 636 2622 et
661 2593 803 2622 venas
829 2575 1076 2637 adstringit
1101 2575 1301 2632 hiantes,

142 2655 203 2685 ne
229 2652 392 2687 tenues
416 2642 603 2703 pluviae
629 2642 836 2705 rapidive
861 2642 1075 2704 potentia
1100 2643 1206 2689 solis

144 2706 293 2751 acrior
318 2719 396 2753 aut
420 2709 596 2755 Boreae
621 2709 914 2770 penetrabile
940 2709 1085 2770 frigus
1111 2710 1290 2755 adurat.

143 2772 350 2820 multum
376 2774 504 2829 adeo,
529 2775 682 2821 rastris
706 2776 889 2836 glaebas
916 2775 996 2838 qui
1023 2775 1195 2835 frangit
1221 2775 1391 2822 inertes
