<?xml version="1.0" encoding="UTF-8"?>
<!DOCTYPE html PUBLIC "-//W3C//DTD XHTML 1.0 Transitional//EN"
    "http://www.w3.org/TR/xhtml1/DTD/xhtml1-transitional.dtd">
<html xmlns="http://www.w3.org/1999/xhtml" xml:lang="en" lang="en">
 <head>
  <title>
</title>
<meta http-equiv="Content-Type" content="text/html;charset=utf-8" />
  <meta name='ocr-system' content='tesseract 3.04.00' />
  <meta name='ocr-capabilities' content='ocr_page ocr_carea ocr_par ocr_line ocrx_word'/>
</head>
<body>
  <div class='ocr_page' id='page_1' title='image "./operabucolicageo00virguoft_0254.png"; bbox 0 0 1866 3208; ppageno 0'>
   <div class='ocr_carea' id='block_1_1' title="bbox 1299 119 1326 140">
    <p class='ocr_par' dir='ltr' id='par_1_1' title="bbox 1299 119 1326 140">
     <span class='ocr_line' id='line_1_1' title="bbox 1299 119 1326 140; baseline 0.037 -1"><span class='ocrx_word' id='word_1_1' title='bbox 1299 119 1326 140; x_wconf 57' lang='grc' dir='ltr'>Ν.</span> 
     </span>
    </p>
   </div>
   <div class='ocr_carea' id='block_1_2' title="bbox 293 242 1334 296">
    <p class='ocr_par' dir='ltr' id='par_1_2' title="bbox 293 242 1334 296">
     <span class='ocr_line' id='line_1_2' title="bbox 293 242 1334 296; baseline -0.004 -11"><span class='ocrx_word' id='word_1_2' title='bbox 293 257 372 296; x_wconf 88' lang='lat'>224</span> <span class='ocrx_word' id='word_1_3' title='bbox 737 244 779 283; x_wconf 92' lang='lat' dir='ltr'>P.</span> <span class='ocrx_word' id='word_1_4' title='bbox 809 242 1044 282; x_wconf 89' lang='lat' dir='ltr'>VERGILI</span> <span class='ocrx_word' id='word_1_5' title='bbox 1074 243 1334 283; x_wconf 91' lang='lat' dir='ltr'>MARONIS</span> 
     </span>
    </p>
   </div>
   <div class='ocr_carea' id='block_1_3' title="bbox 1828 0 1866 422">
    <p class='ocr_par' dir='ltr' id='par_1_3' title="bbox 1828 0 1866 422">
     <span class='ocr_line' id='line_1_3' title="bbox 1828 0 1866 422; baseline 0 2786"><span class='ocrx_word' id='word_1_6' title='bbox 1828 0 1866 422; x_wconf 95' lang='lat' dir='ltr'> </span> 
     </span>
    </p>
   </div>
   <div class='ocr_carea' id='block_1_4' title="bbox 330 351 1792 2724">
    <p class='ocr_par' dir='ltr' id='par_1_4' title="bbox 330 351 1792 2724">
     <span class='ocr_line' id='line_1_4' title="bbox 427 351 1420 399; baseline -0.002 0"><span class='ocrx_word' id='word_1_7' title='bbox 427 351 609 399; x_wconf 89' lang='lat' dir='ltr'>interea</span> <span class='ocrx_word' id='word_1_8' title='bbox 633 351 765 398; x_wconf 81' lang='lat' dir='ltr'>videt</span> <span class='ocrx_word' id='word_1_9' title='bbox 788 351 974 398; x_wconf 88' lang='lat' dir='ltr'>Aeneas</span> <span class='ocrx_word' id='word_1_10' title='bbox 1000 351 1051 397; x_wconf 92' lang='lat' dir='ltr'>in</span> <span class='ocrx_word' id='word_1_11' title='bbox 1075 351 1199 398; x_wconf 88' lang='lat' dir='ltr'>valle</span> <span class='ocrx_word' id='word_1_12' title='bbox 1223 351 1420 398; x_wconf 89' lang='lat' dir='ltr'>reducta</span> 
     </span>
     <span class='ocr_line' id='line_1_5' title="bbox 361 417 1518 478; baseline -0.003 -12"><span class='ocrx_word' id='word_1_13' title='bbox 361 419 598 466; x_wconf 89' lang='lat' dir='ltr'>seclusum</span> <span class='ocrx_word' id='word_1_14' title='bbox 625 433 790 464; x_wconf 89' lang='lat' dir='ltr'>nemus</span> <span class='ocrx_word' id='word_1_15' title='bbox 818 430 865 463; x_wconf 92' lang='lat' dir='ltr'>et</span> <span class='ocrx_word' id='word_1_16' title='bbox 889 417 1091 478; x_wconf 88' lang='lat' dir='ltr'>virgulta</span> <span class='ocrx_word' id='word_1_17' title='bbox 1117 418 1332 464; x_wconf 88' lang='lat' dir='ltr'>sonantia</span> <span class='ocrx_word' id='word_1_18' title='bbox 1358 417 1518 474; x_wconf 86' lang='lat' dir='ltr'>silvae,</span> 
     </span>
     <span class='ocr_line' id='line_1_6' title="bbox 361 483 1756 554; baseline -0.002 -21"><span class='ocrx_word' id='word_1_19' title='bbox 361 486 723 554; x_wconf 49' lang='lat' dir='ltr'>Lethaeungque</span> <span class='ocrx_word' id='word_1_20' title='bbox 749 483 913 530; x_wconf 89' lang='lat' dir='ltr'>domos</span> <span class='ocrx_word' id='word_1_21' title='bbox 937 484 1147 546; x_wconf 90' lang='lat' dir='ltr'>placidas</span> <span class='ocrx_word' id='word_1_22' title='bbox 1173 484 1253 547; x_wconf 93' lang='lat' dir='ltr'>qui</span> <span class='ocrx_word' id='word_1_23' title='bbox 1280 494 1526 546; x_wconf 87' lang='lat' dir='ltr'>praenatat</span> <span class='ocrx_word' id='word_1_24' title='bbox 1551 497 1756 530; x_wconf 89' lang='lat' dir='ltr'>amnem.</span> 
     </span>
     <span class='ocr_line' id='line_1_7' title="bbox 360 548 1754 613; baseline -0.003 -15"><span class='ocrx_word' id='word_1_25' title='bbox 360 553 488 598; x_wconf 93' lang='lat' dir='ltr'>hunc</span> <span class='ocrx_word' id='word_1_26' title='bbox 514 550 695 596; x_wconf 82' lang='lat' dir='ltr'>circum</span> <span class='ocrx_word' id='word_1_27' title='bbox 719 549 998 597; x_wconf 84' lang='lat' dir='ltr'>innumerae</span> <span class='ocrx_word' id='word_1_28' title='bbox 1022 563 1184 611; x_wconf 88' lang='lat' dir='ltr'>gentes</span> <span class='ocrx_word' id='word_1_29' title='bbox 1210 550 1472 613; x_wconf 88' lang='lat' dir='ltr'>populique</span> <span class='ocrx_word' id='word_1_30' title='bbox 1498 548 1754 602; x_wconf 87' lang='lat' dir='ltr'>volabant;</span> 
     </span>
     <span class='ocr_line' id='line_1_8' title="bbox 361 615 1451 680; baseline -0.003 -16"><span class='ocrx_word' id='word_1_31' title='bbox 361 634 414 664; x_wconf 88' lang='lat' dir='ltr'>ac</span> <span class='ocrx_word' id='word_1_32' title='bbox 440 617 572 663; x_wconf 90' lang='lat' dir='ltr'>velut</span> <span class='ocrx_word' id='word_1_33' title='bbox 597 615 648 662; x_wconf 93' lang='lat' dir='ltr'>in</span> <span class='ocrx_word' id='word_1_34' title='bbox 673 616 818 678; x_wconf 91' lang='lat' dir='ltr'>pratis</span> <span class='ocrx_word' id='word_1_35' title='bbox 845 616 925 663; x_wconf 92' lang='lat' dir='ltr'>ubi</span> <span class='ocrx_word' id='word_1_36' title='bbox 953 633 1060 680; x_wconf 90' lang='lat' dir='ltr'>apes</span> <span class='ocrx_word' id='word_1_37' title='bbox 1087 629 1262 664; x_wconf 85' lang='lat' dir='ltr'>aestate</span> <span class='ocrx_word' id='word_1_38' title='bbox 1289 632 1451 662; x_wconf 89' lang='lat' dir='ltr'>serena</span> 
     </span>
     <span class='ocr_line' id='line_1_9' title="bbox 360 682 1476 741; baseline -0.002 -12"><span class='ocrx_word' id='word_1_39' title='bbox 360 683 551 729; x_wconf 88' lang='lat' dir='ltr'>floribus</span> <span class='ocrx_word' id='word_1_40' title='bbox 577 682 792 730; x_wconf 91' lang='lat' dir='ltr'>insidunt</span> <span class='ocrx_word' id='word_1_41' title='bbox 817 683 969 741; x_wconf 78' lang='lat' dir='ltr'>varii3‚</span> <span class='ocrx_word' id='word_1_42' title='bbox 998 697 1045 730; x_wconf 90' lang='lat' dir='ltr'>et</span> <span class='ocrx_word' id='word_1_43' title='bbox 1069 683 1272 730; x_wconf 89' lang='lat' dir='ltr'>candida</span> <span class='ocrx_word' id='word_1_44' title='bbox 1298 682 1476 729; x_wconf 88' lang='lat' dir='ltr'>circum</span> 
     </span>
     <span class='ocr_line' id='line_1_10' title="bbox 360 749 1664 812; baseline -0.002 -17"><span class='ocrx_word' id='word_1_45' title='bbox 360 749 462 796; x_wconf 89' lang='lat' dir='ltr'>lilia</span> <span class='ocrx_word' id='word_1_46' title='bbox 488 749 786 806; x_wconf 83' lang='lat' dir='ltr'>funduntur3</span> <span class='ocrx_word' id='word_1_47' title='bbox 823 749 988 812; x_wconf 89' lang='lat' dir='ltr'>strepit</span> <span class='ocrx_word' id='word_1_48' title='bbox 1013 750 1165 796; x_wconf 89' lang='lat' dir='ltr'>omnis</span> <span class='ocrx_word' id='word_1_49' title='bbox 1191 764 1429 795; x_wconf 87' lang='lat' dir='ltr'>murmure</span> <span class='ocrx_word' id='word_1_50' title='bbox 1455 763 1664 810; x_wconf 86' lang='lat' dir='ltr'>campus.</span> 
     </span>
     <span class='ocr_line' id='line_1_11' title="bbox 361 815 1790 879; baseline -0.002 -17"><span class='ocrx_word' id='word_1_51' title='bbox 361 815 588 862; x_wconf 88' lang='lat' dir='ltr'>horrescit</span> <span class='ocrx_word' id='word_1_52' title='bbox 612 815 713 862; x_wconf 89' lang='lat' dir='ltr'>visu</span> <span class='ocrx_word' id='word_1_53' title='bbox 741 816 897 862; x_wconf 89' lang='lat' dir='ltr'>subito</span> <span class='ocrx_word' id='word_1_54' title='bbox 924 833 1179 879; x_wconf 88' lang='lat' dir='ltr'>causasque</span> <span class='ocrx_word' id='word_1_55' title='bbox 1203 815 1400 878; x_wconf 89' lang='lat' dir='ltr'>requirit</span> <span class='ocrx_word' id='word_1_56' title='bbox 1728 838 1790 868; x_wconf 91' lang='lat'>710</span> 
     </span>
     <span class='ocr_line' id='line_1_12' title="bbox 361 882 1506 945; baseline -0.002 -17"><span class='ocrx_word' id='word_1_57' title='bbox 361 882 536 928; x_wconf 89' lang='lat' dir='ltr'>inscius</span> <span class='ocrx_word' id='word_1_58' title='bbox 559 883 761 940; x_wconf 88' lang='lat' dir='ltr'>Aeneas,</span> <span class='ocrx_word' id='word_1_59' title='bbox 788 899 908 945; x_wconf 82' lang='lat' dir='ltr'>quae</span> <span class='ocrx_word' id='word_1_60' title='bbox 935 883 1028 929; x_wconf 92' lang='lat' dir='ltr'>sint</span> <span class='ocrx_word' id='word_1_61' title='bbox 1054 900 1108 929; x_wconf 89' lang='lat' dir='ltr'>ea</span> <span class='ocrx_word' id='word_1_62' title='bbox 1132 882 1330 928; x_wconf 90' lang='lat' dir='ltr'>flumina</span> <span class='ocrx_word' id='word_1_63' title='bbox 1354 897 1506 943; x_wconf 86' lang='lat' dir='ltr'>porro,</span> 
     </span>
     <span class='ocr_line' id='line_1_13' title="bbox 361 947 1459 1012; baseline -0.002 -17"><span class='ocrx_word' id='word_1_64' title='bbox 361 948 501 1012; x_wconf 87' lang='lat' dir='ltr'>quive</span> <span class='ocrx_word' id='word_1_65' title='bbox 526 947 611 993; x_wconf 88' lang='lat' dir='ltr'>viri</span> <span class='ocrx_word' id='word_1_66' title='bbox 639 961 772 994; x_wconf 91' lang='lat' dir='ltr'>tanto</span> <span class='ocrx_word' id='word_1_67' title='bbox 798 949 1084 1012; x_wconf 89' lang='lat' dir='ltr'>complerint</span> <span class='ocrx_word' id='word_1_68' title='bbox 1110 949 1295 1010; x_wconf 88' lang='lat' dir='ltr'>agmine</span> <span class='ocrx_word' id='word_1_69' title='bbox 1322 948 1459 1010; x_wconf 78' lang='lat' dir='ltr'>ripas,</span> 
     </span>
     <span class='ocr_line' id='line_1_14' title="bbox 362 1013 1667 1078; baseline -0.001 -18"><span class='ocrx_word' id='word_1_70' title='bbox 362 1028 464 1073; x_wconf 62' lang='lat' dir='ltr'>§um</span> <span class='ocrx_word' id='word_1_71' title='bbox 489 1027 623 1077; x_wconf 87' lang='lat' dir='ltr'>pater</span> <span class='ocrx_word' id='word_1_72' title='bbox 646 1014 910 1062; x_wconf 88' lang='lat' dir='ltr'>Anchises:</span> <span class='ocrx_word' id='word_1_73' title='bbox 950 1016 1175 1073; x_wconf 87' lang='lat' dir='ltr'>‘animae,</span> <span class='ocrx_word' id='word_1_74' title='bbox 1202 1015 1371 1078; x_wconf 88' lang='lat' dir='ltr'>quibus</span> <span class='ocrx_word' id='word_1_75' title='bbox 1398 1014 1543 1060; x_wconf 89' lang='lat' dir='ltr'>altera</span> <span class='ocrx_word' id='word_1_76' title='bbox 1568 1013 1667 1059; x_wconf 88' lang='lat' dir='ltr'>fato</span> 
     </span>
     <span class='ocr_line' id='line_1_15' title="bbox 343 1081 1580 1143; baseline -0.002 -15"><span class='ocrx_word' id='word_1_77' title='bbox 343 1083 556 1143; x_wconf 50' lang='lat' dir='ltr'>*corpora</span> <span class='ocrx_word' id='word_1_78' title='bbox 581 1081 830 1137; x_wconf 89' lang='lat' dir='ltr'>debentur,</span> <span class='ocrx_word' id='word_1_79' title='bbox 858 1081 1058 1128; x_wconf 90' lang='lat' dir='ltr'>Lethaei</span> <span class='ocrx_word' id='word_1_80' title='bbox 1086 1083 1142 1128; x_wconf 92' lang='lat' dir='ltr'>ad</span> <span class='ocrx_word' id='word_1_81' title='bbox 1169 1081 1377 1127; x_wconf 85' lang='lat' dir='ltr'>fluminis</span> <span class='ocrx_word' id='word_1_82' title='bbox 1404 1081 1580 1127; x_wconf 89' lang='lat' dir='ltr'>undam</span> 
     </span>
     <span class='ocr_line' id='line_1_16' title="bbox 361 1147 1384 1210; baseline -0.001 -15"><span class='ocrx_word' id='word_1_83' title='bbox 361 1165 544 1195; x_wconf 89' lang='lat' dir='ltr'>securos</span> <span class='ocrx_word' id='word_1_84' title='bbox 571 1147 735 1194; x_wconf 88' lang='lat' dir='ltr'>latices</span> <span class='ocrx_word' id='word_1_85' title='bbox 762 1160 809 1193; x_wconf 92' lang='lat' dir='ltr'>et</span> <span class='ocrx_word' id='word_1_86' title='bbox 836 1147 975 1208; x_wconf 86' lang='lat' dir='ltr'>longa</span> <span class='ocrx_word' id='word_1_87' title='bbox 1000 1148 1175 1195; x_wconf 90' lang='lat' dir='ltr'>oblivia</span> <span class='ocrx_word' id='word_1_88' title='bbox 1200 1160 1384 1210; x_wconf 88' lang='lat' dir='ltr'>potant.</span> 
     </span>
     <span class='ocr_line' id='line_1_17' title="bbox 363 1214 1734 1277; baseline -0.002 -17"><span class='ocrx_word' id='word_1_89' title='bbox 363 1217 441 1261; x_wconf 90' lang='lat' dir='ltr'>has</span> <span class='ocrx_word' id='word_1_90' title='bbox 468 1214 692 1276; x_wconf 88' lang='lat' dir='ltr'>equidem</span> <span class='ocrx_word' id='word_1_91' title='bbox 717 1230 978 1261; x_wconf 89' lang='lat' dir='ltr'>memorare</span> <span class='ocrx_word' id='word_1_92' title='bbox 1004 1214 1090 1261; x_wconf 94' lang='lat' dir='ltr'>tibi</span> <span class='ocrx_word' id='word_1_93' title='bbox 1117 1228 1258 1277; x_wconf 90' lang='lat' dir='ltr'>atque</span> <span class='ocrx_word' id='word_1_94' title='bbox 1284 1214 1534 1260; x_wconf 89' lang='lat' dir='ltr'>ostendere</span> <span class='ocrx_word' id='word_1_95' title='bbox 1560 1228 1734 1267; x_wconf 86' lang='lat' dir='ltr'>coram,</span> 
     </span>
     <span class='ocr_line' id='line_1_18' title="bbox 361 1280 1732 1343; baseline -0.001 -16"><span class='ocrx_word' id='word_1_96' title='bbox 361 1280 639 1343; x_wconf 88' lang='lat' dir='ltr'>iampridem</span> <span class='ocrx_word' id='word_1_97' title='bbox 663 1282 787 1327; x_wconf 91' lang='lat' dir='ltr'>hanc</span> <span class='ocrx_word' id='word_1_98' title='bbox 815 1280 998 1342; x_wconf 90' lang='lat' dir='ltr'>prolem</span> <span class='ocrx_word' id='word_1_99' title='bbox 1024 1281 1166 1343; x_wconf 87' lang='lat' dir='ltr'>cupio</span> <span class='ocrx_word' id='word_1_100' title='bbox 1191 1296 1465 1327; x_wconf 90' lang='lat' dir='ltr'>enumerare</span> <span class='ocrx_word' id='word_1_101' title='bbox 1491 1295 1732 1326; x_wconf 88' lang='lat' dir='ltr'>meorum:</span> 
     </span>
     <span class='ocr_line' id='line_1_19' title="bbox 361 1345 1443 1411; baseline -0.002 -17"><span class='ocrx_word' id='word_1_102' title='bbox 361 1365 456 1411; x_wconf 91' lang='lat' dir='ltr'>quo</span> <span class='ocrx_word' id='word_1_103' title='bbox 480 1347 625 1408; x_wconf 87' lang='lat' dir='ltr'>magis</span> <span class='ocrx_word' id='word_1_104' title='bbox 650 1347 789 1393; x_wconf 85' lang='lat' dir='ltr'>Italia</span> <span class='ocrx_word' id='word_1_105' title='bbox 814 1363 1003 1393; x_wconf 90' lang='lat' dir='ltr'>mecum</span> <span class='ocrx_word' id='word_1_106' title='bbox 1029 1347 1205 1393; x_wconf 89' lang='lat' dir='ltr'>laetere</span> <span class='ocrx_word' id='word_1_107' title='bbox 1229 1345 1443 1408; x_wconf 86' lang='lat' dir='ltr'>reperta.&#39;</span> 
     </span>
     <span class='ocr_line' id='line_1_20' title="bbox 331 1411 1789 1477; baseline -0.003 -16"><span class='ocrx_word' id='word_1_108' title='bbox 331 1419 390 1461; x_wconf 75' lang='grc' dir='ltr'>ιο</span> <span class='ocrx_word' id='word_1_109' title='bbox 413 1427 561 1477; x_wconf 91' lang='lat' dir='ltr'>pater,</span> <span class='ocrx_word' id='word_1_110' title='bbox 588 1431 712 1461; x_wconf 91' lang='lat' dir='ltr'>anne</span> <span class='ocrx_word' id='word_1_111' title='bbox 742 1414 919 1477; x_wconf 86' lang='lat' dir='ltr'>aliquas</span> <span class='ocrx_word' id='word_1_112' title='bbox 957 1414 1015 1460; x_wconf 91' lang='lat' dir='ltr'>ad</span> <span class='ocrx_word' id='word_1_113' title='bbox 1049 1414 1233 1460; x_wconf 89' lang='lat' dir='ltr'>caelum</span> <span class='ocrx_word' id='word_1_114' title='bbox 1269 1413 1382 1459; x_wconf 91' lang='lat' dir='ltr'>hinc</span> <span class='ocrx_word' id='word_1_115' title='bbox 1419 1412 1486 1459; x_wconf 91' lang='lat' dir='ltr'>ire</span> <span class='ocrx_word' id='word_1_116' title='bbox 1523 1411 1789 1474; x_wconf 90' lang='lat' dir='ltr'>putandum</span> 
     </span>
     <span class='ocr_line' id='line_1_21' title="bbox 499 1493 567 1527; baseline 0 0"><span class='ocrx_word' id='word_1_117' title='bbox 499 1493 567 1527; x_wconf 78' lang='lat' dir='ltr'>est</span> 
     </span>
     <span class='ocr_line' id='line_1_22' title="bbox 361 1544 1792 1610; baseline -0.003 -16"><span class='ocrx_word' id='word_1_118' title='bbox 361 1547 587 1594; x_wconf 87' lang='lat' dir='ltr'>sublimes</span> <span class='ocrx_word' id='word_1_119' title='bbox 614 1547 809 1604; x_wconf 89' lang='lat' dir='ltr'>animas,</span> <span class='ocrx_word' id='word_1_120' title='bbox 835 1546 1101 1610; x_wconf 86' lang='lat' dir='ltr'>iterumque</span> <span class='ocrx_word' id='word_1_121' title='bbox 1128 1546 1178 1592; x_wconf 91' lang='lat' dir='ltr'>in</span> <span class='ocrx_word' id='word_1_122' title='bbox 1205 1546 1334 1593; x_wconf 90' lang='lat' dir='ltr'>tarda</span> <span class='ocrx_word' id='word_1_123' title='bbox 1359 1544 1528 1592; x_wconf 90' lang='lat' dir='ltr'>reverti</span> <span class='ocrx_word' id='word_1_124' title='bbox 1729 1569 1792 1598; x_wconf 88' lang='lat'>720</span> 
     </span>
     <span class='ocr_line' id='line_1_23' title="bbox 363 1610 1597 1677; baseline -0.002 -17"><span class='ocrx_word' id='word_1_125' title='bbox 363 1618 589 1676; x_wconf 90' lang='lat' dir='ltr'>corpora?</span> <span class='ocrx_word' id='word_1_126' title='bbox 625 1631 745 1677; x_wconf 90' lang='lat' dir='ltr'>quae</span> <span class='ocrx_word' id='word_1_127' title='bbox 771 1613 890 1660; x_wconf 93' lang='lat' dir='ltr'>lucis</span> <span class='ocrx_word' id='word_1_128' title='bbox 917 1613 1098 1660; x_wconf 89' lang='lat' dir='ltr'>miseris</span> <span class='ocrx_word' id='word_1_129' title='bbox 1125 1627 1220 1660; x_wconf 89' lang='lat' dir='ltr'>tam</span> <span class='ocrx_word' id='word_1_130' title='bbox 1247 1613 1348 1659; x_wconf 91' lang='lat' dir='ltr'>dira</span> <span class='ocrx_word' id='word_1_131' title='bbox 1373 1610 1597 1674; x_wconf 90' lang='lat' dir='ltr'>cupido?&#39;</span> 
     </span>
     <span class='ocr_line' id='line_1_24' title="bbox 330 1677 1705 1743; baseline -0.003 -16"><span class='ocrx_word' id='word_1_132' title='bbox 330 1686 342 1706; x_wconf 94' lang='lat'>‘</span> <span class='ocrx_word' id='word_1_133' title='bbox 361 1681 518 1727; x_wconf 90' lang='lat' dir='ltr'>dicam</span> <span class='ocrx_word' id='word_1_134' title='bbox 544 1681 784 1743; x_wconf 91' lang='lat' dir='ltr'>equidem,</span> <span class='ocrx_word' id='word_1_135' title='bbox 811 1697 899 1726; x_wconf 92' lang='lat' dir='ltr'>nec</span> <span class='ocrx_word' id='word_1_136' title='bbox 926 1692 972 1726; x_wconf 92' lang='lat' dir='ltr'>te</span> <span class='ocrx_word' id='word_1_137' title='bbox 998 1697 1291 1742; x_wconf 87' lang='lat' dir='ltr'>suspensum,</span> <span class='ocrx_word' id='word_1_138' title='bbox 1320 1693 1449 1735; x_wconf 87' lang='lat' dir='ltr'>nate,</span> <span class='ocrx_word' id='word_1_139' title='bbox 1475 1677 1705 1733; x_wconf 81' lang='lat' dir='ltr'>tenebo&#39;3</span> 
     </span>
     <span class='ocr_line' id='line_1_25' title="bbox 361 1744 1583 1809; baseline -0.002 -15"><span class='ocrx_word' id='word_1_140' title='bbox 361 1746 554 1809; x_wconf 90' lang='lat' dir='ltr'>suscipit</span> <span class='ocrx_word' id='word_1_141' title='bbox 577 1747 809 1793; x_wconf 88' lang='lat' dir='ltr'>Anchises</span> <span class='ocrx_word' id='word_1_142' title='bbox 836 1759 976 1809; x_wconf 89' lang='lat' dir='ltr'>atque</span> <span class='ocrx_word' id='word_1_143' title='bbox 1001 1747 1167 1793; x_wconf 90' lang='lat' dir='ltr'>ordine</span> <span class='ocrx_word' id='word_1_144' title='bbox 1194 1746 1376 1807; x_wconf 89' lang='lat' dir='ltr'>singula</span> <span class='ocrx_word' id='word_1_145' title='bbox 1402 1744 1583 1806; x_wconf 88' lang='lat' dir='ltr'>pandit.</span> 
     </span>
     <span class='ocr_line' id='line_1_26' title="bbox 433 1811 1733 1876; baseline -0.003 -16"><span class='ocrx_word' id='word_1_146' title='bbox 433 1813 697 1876; x_wconf 92' lang='lat' dir='ltr'>‘principio</span> <span class='ocrx_word' id='word_1_147' title='bbox 723 1814 909 1860; x_wconf 90' lang='lat' dir='ltr'>caelum</span> <span class='ocrx_word' id='word_1_148' title='bbox 937 1830 989 1859; x_wconf 93' lang='lat' dir='ltr'>ac</span> <span class='ocrx_word' id='word_1_149' title='bbox 1016 1826 1159 1859; x_wconf 90' lang='lat' dir='ltr'>terras</span> <span class='ocrx_word' id='word_1_150' title='bbox 1185 1828 1470 1874; x_wconf 89' lang='lat' dir='ltr'>camposque</span> <span class='ocrx_word' id='word_1_151' title='bbox 1496 1811 1733 1873; x_wconf 86' lang='lat' dir='ltr'>liquentes</span> 
     </span>
     <span class='ocr_line' id='line_1_27' title="bbox 361 1878 1575 1942; baseline -0.003 -15"><span class='ocrx_word' id='word_1_152' title='bbox 361 1881 700 1942; x_wconf 89' lang='lat' dir='ltr'>lucentemque</span> <span class='ocrx_word' id='word_1_153' title='bbox 726 1880 920 1940; x_wconf 90' lang='lat' dir='ltr'>globum</span> <span class='ocrx_word' id='word_1_154' title='bbox 946 1879 1113 1925; x_wconf 91' lang='lat' dir='ltr'>Lunae</span> <span class='ocrx_word' id='word_1_155' title='bbox 1140 1878 1432 1940; x_wconf 90' lang='lat' dir='ltr'>Titaniaque</span> <span class='ocrx_word' id='word_1_156' title='bbox 1457 1890 1575 1924; x_wconf 89' lang='lat' dir='ltr'>astra</span> 
     </span>
     <span class='ocr_line' id='line_1_28' title="bbox 362 1945 1545 2010; baseline -0.003 -17"><span class='ocrx_word' id='word_1_157' title='bbox 362 1946 553 2010; x_wconf 91' lang='lat' dir='ltr'>spiritus</span> <span class='ocrx_word' id='word_1_158' title='bbox 580 1947 707 1992; x_wconf 87' lang='lat' dir='ltr'>intus</span> <span class='ocrx_word' id='word_1_159' title='bbox 735 1946 835 2003; x_wconf 93' lang='lat' dir='ltr'>alit,</span> <span class='ocrx_word' id='word_1_160' title='bbox 863 1959 1106 2008; x_wconf 89' lang='lat' dir='ltr'>totamque</span> <span class='ocrx_word' id='word_1_161' title='bbox 1132 1945 1287 1991; x_wconf 87' lang='lat' dir='ltr'>infusa</span> <span class='ocrx_word' id='word_1_162' title='bbox 1312 1961 1397 2006; x_wconf 92' lang='lat' dir='ltr'>per</span> <span class='ocrx_word' id='word_1_163' title='bbox 1422 1957 1545 1990; x_wconf 88' lang='lat' dir='ltr'>artus</span> 
     </span>
     <span class='ocr_line' id='line_1_29' title="bbox 361 2010 1650 2074; baseline -0.004 -14"><span class='ocrx_word' id='word_1_164' title='bbox 361 2031 495 2060; x_wconf 89' lang='lat' dir='ltr'>mens</span> <span class='ocrx_word' id='word_1_165' title='bbox 521 2014 664 2074; x_wconf 89' lang='lat' dir='ltr'>agitat</span> <span class='ocrx_word' id='word_1_166' title='bbox 690 2013 882 2070; x_wconf 89' lang='lat' dir='ltr'>molem,</span> <span class='ocrx_word' id='word_1_167' title='bbox 910 2025 955 2058; x_wconf 94' lang='lat' dir='ltr'>et</span> <span class='ocrx_word' id='word_1_168' title='bbox 980 2029 1150 2072; x_wconf 88' lang='lat' dir='ltr'>magno</span> <span class='ocrx_word' id='word_1_169' title='bbox 1176 2029 1221 2057; x_wconf 90' lang='lat' dir='ltr'>se</span> <span class='ocrx_word' id='word_1_170' title='bbox 1247 2027 1442 2072; x_wconf 89' lang='lat' dir='ltr'>corpore</span> <span class='ocrx_word' id='word_1_171' title='bbox 1467 2010 1650 2056; x_wconf 90' lang='lat' dir='ltr'>miscet.</span> 
     </span>
     <span class='ocr_line' id='line_1_30' title="bbox 362 2076 1790 2141; baseline -0.004 -15"><span class='ocrx_word' id='word_1_172' title='bbox 362 2080 472 2127; x_wconf 92' lang='lat' dir='ltr'>inde</span> <span class='ocrx_word' id='word_1_173' title='bbox 498 2080 748 2126; x_wconf 89' lang='lat' dir='ltr'>hominum</span> <span class='ocrx_word' id='word_1_174' title='bbox 774 2078 1108 2141; x_wconf 89' lang='lat' dir='ltr'>pecudumque</span> <span class='ocrx_word' id='word_1_175' title='bbox 1134 2095 1280 2138; x_wconf 91' lang='lat' dir='ltr'>genus</span> <span class='ocrx_word' id='word_1_176' title='bbox 1299 2078 1518 2139; x_wconf 91' lang='lat' dir='ltr'>vitaeque</span> <span class='ocrx_word' id='word_1_177' title='bbox 1544 2076 1790 2123; x_wconf 89' lang='lat' dir='ltr'>volantum</span> 
     </span>
     <span class='ocr_line' id='line_1_31' title="bbox 364 2145 1744 2210; baseline -0.004 -17"><span class='ocrx_word' id='word_1_178' title='bbox 364 2160 410 2194; x_wconf 90' lang='lat' dir='ltr'>et</span> <span class='ocrx_word' id='word_1_179' title='bbox 435 2163 554 2210; x_wconf 90' lang='lat' dir='ltr'>quae</span> <span class='ocrx_word' id='word_1_180' title='bbox 580 2163 842 2192; x_wconf 89' lang='lat' dir='ltr'>marmoreo</span> <span class='ocrx_word' id='word_1_181' title='bbox 868 2146 959 2191; x_wconf 90' lang='lat' dir='ltr'>fert</span> <span class='ocrx_word' id='word_1_182' title='bbox 984 2158 1191 2191; x_wconf 87' lang='lat' dir='ltr'>monstra</span> <span class='ocrx_word' id='word_1_183' title='bbox 1218 2145 1303 2190; x_wconf 88' lang='lat' dir='ltr'>sub</span> <span class='ocrx_word' id='word_1_184' title='bbox 1330 2160 1532 2207; x_wconf 91' lang='lat' dir='ltr'>aequore</span> <span class='ocrx_word' id='word_1_185' title='bbox 1557 2155 1744 2205; x_wconf 89' lang='lat' dir='ltr'>pontus.</span> 
     </span>
     <span class='ocr_line' id='line_1_32' title="bbox 361 2210 1792 2275; baseline -0.004 -15"><span class='ocrx_word' id='word_1_186' title='bbox 361 2214 526 2274; x_wconf 87' lang='lat' dir='ltr'>igneus</span> <span class='ocrx_word' id='word_1_187' title='bbox 555 2226 622 2259; x_wconf 92' lang='lat' dir='ltr'>est</span> <span class='ocrx_word' id='word_1_188' title='bbox 649 2213 755 2259; x_wconf 92' lang='lat' dir='ltr'>ollis</span> <span class='ocrx_word' id='word_1_189' title='bbox 782 2212 914 2275; x_wconf 57' lang='lat' dir='ltr'>vigor</span> <span class='ocrx_word' id='word_1_190' title='bbox 940 2224 986 2258; x_wconf 91' lang='lat' dir='ltr'>et</span> <span class='ocrx_word' id='word_1_191' title='bbox 1011 2211 1220 2258; x_wconf 89' lang='lat' dir='ltr'>caelestis</span> <span class='ocrx_word' id='word_1_192' title='bbox 1246 2210 1378 2271; x_wconf 90' lang='lat' dir='ltr'>origo</span> <span class='ocrx_word' id='word_1_193' title='bbox 1731 2233 1792 2262; x_wconf 83' lang='lat'>730</span> 
     </span>
     <span class='ocr_line' id='line_1_33' title="bbox 362 2275 1623 2342; baseline -0.005 -16"><span class='ocrx_word' id='word_1_194' title='bbox 362 2280 637 2336; x_wconf 86' lang='lat' dir='ltr'>seminibus,</span> <span class='ocrx_word' id='word_1_195' title='bbox 664 2292 898 2342; x_wconf 88' lang='lat' dir='ltr'>quantum</span> <span class='ocrx_word' id='word_1_196' title='bbox 925 2295 1021 2324; x_wconf 92' lang='lat' dir='ltr'>non</span> <span class='ocrx_word' id='word_1_197' title='bbox 1049 2278 1188 2324; x_wconf 87' lang='lat' dir='ltr'>noxia</span> <span class='ocrx_word' id='word_1_198' title='bbox 1215 2294 1410 2339; x_wconf 88' lang='lat' dir='ltr'>corpora</span> <span class='ocrx_word' id='word_1_199' title='bbox 1436 2275 1623 2322; x_wconf 86' lang='lat' dir='ltr'>tardant</span> 
     </span>
     <span class='ocr_line' id='line_1_34' title="bbox 364 2341 1699 2408; baseline -0.004 -16"><span class='ocrx_word' id='word_1_200' title='bbox 364 2346 636 2408; x_wconf 89' lang='lat' dir='ltr'>terrenique</span> <span class='ocrx_word' id='word_1_201' title='bbox 662 2347 894 2392; x_wconf 90' lang='lat' dir='ltr'>hebetant</span> <span class='ocrx_word' id='word_1_202' title='bbox 920 2358 1042 2391; x_wconf 91' lang='lat' dir='ltr'>artus</span> <span class='ocrx_word' id='word_1_203' title='bbox 1068 2344 1446 2405; x_wconf 87' lang='lat' dir='ltr'>moribundaque</span> <span class='ocrx_word' id='word_1_204' title='bbox 1472 2341 1699 2387; x_wconf 89' lang='lat' dir='ltr'>membra.</span> 
     </span>
     <span class='ocr_line' id='line_1_35' title="bbox 361 2409 1788 2474; baseline -0.004 -16"><span class='ocrx_word' id='word_1_205' title='bbox 361 2412 474 2458; x_wconf 90' lang='lat' dir='ltr'>hinc</span> <span class='ocrx_word' id='word_1_206' title='bbox 502 2424 726 2458; x_wconf 88' lang='lat' dir='ltr'>metuunt</span> <span class='ocrx_word' id='word_1_207' title='bbox 753 2412 1065 2474; x_wconf 92' lang='lat' dir='ltr'>cupiuntque,</span> <span class='ocrx_word' id='word_1_208' title='bbox 1092 2411 1258 2456; x_wconf 91' lang='lat' dir='ltr'>dolent</span> <span class='ocrx_word' id='word_1_209' title='bbox 1287 2409 1606 2471; x_wconf 87' lang='lat' dir='ltr'>gaudentque,</span> <span class='ocrx_word' id='word_1_210' title='bbox 1634 2424 1788 2470; x_wconf 91' lang='lat' dir='ltr'>neque</span> 
     </span>
     <span class='ocr_line' id='line_1_36' title="bbox 496 2495 625 2524; baseline 0 0"><span class='ocrx_word' id='word_1_211' title='bbox 496 2495 625 2524; x_wconf 91' lang='lat' dir='ltr'>auras</span> 
     </span>
     <span class='ocr_line' id='line_1_37' title="bbox 363 2542 1535 2607; baseline -0.003 -16"><span class='ocrx_word' id='word_1_212' title='bbox 363 2544 625 2607; x_wconf 90' lang='lat' dir='ltr'>dispiciunt</span> <span class='ocrx_word' id='word_1_213' title='bbox 650 2544 834 2590; x_wconf 90' lang='lat' dir='ltr'>clausae</span> <span class='ocrx_word' id='word_1_214' title='bbox 861 2542 1069 2589; x_wconf 90' lang='lat' dir='ltr'>tenebris</span> <span class='ocrx_word' id='word_1_215' title='bbox 1097 2556 1142 2589; x_wconf 92' lang='lat' dir='ltr'>et</span> <span class='ocrx_word' id='word_1_216' title='bbox 1168 2559 1353 2588; x_wconf 90' lang='lat' dir='ltr'>carcere</span> <span class='ocrx_word' id='word_1_217' title='bbox 1380 2558 1535 2588; x_wconf 90' lang='lat' dir='ltr'>caeco.</span> 
     </span>
     <span class='ocr_line' id='line_1_38' title="bbox 364 2608 1498 2674; baseline -0.003 -17"><span class='ocrx_word' id='word_1_218' title='bbox 364 2611 481 2674; x_wconf 91' lang='lat' dir='ltr'>quin</span> <span class='ocrx_word' id='word_1_219' title='bbox 509 2622 556 2657; x_wconf 91' lang='lat' dir='ltr'>et</span> <span class='ocrx_word' id='word_1_220' title='bbox 581 2626 800 2672; x_wconf 89' lang='lat' dir='ltr'>supremo</span> <span class='ocrx_word' id='word_1_221' title='bbox 825 2625 934 2655; x_wconf 93' lang='lat' dir='ltr'>cum</span> <span class='ocrx_word' id='word_1_222' title='bbox 959 2609 1143 2654; x_wconf 90' lang='lat' dir='ltr'>lumine</span> <span class='ocrx_word' id='word_1_223' title='bbox 1168 2609 1265 2654; x_wconf 90' lang='lat' dir='ltr'>vita</span> <span class='ocrx_word' id='word_1_224' title='bbox 1289 2608 1498 2670; x_wconf 90' lang='lat' dir='ltr'>reliquit,</span> 
     </span>
     <span class='ocr_line' id='line_1_39' title="bbox 364 2674 1766 2724; baseline -0.004 0"><span class='ocrx_word' id='word_1_225' title='bbox 364 2694 460 2723; x_wconf 90' lang='lat' dir='ltr'>non</span> <span class='ocrx_word' id='word_1_226' title='bbox 487 2689 647 2724; x_wconf 91' lang='lat' dir='ltr'>tamen</span> <span class='ocrx_word' id='word_1_227' title='bbox 673 2692 814 2722; x_wconf 89' lang='lat' dir='ltr'>omne</span> <span class='ocrx_word' id='word_1_228' title='bbox 840 2675 1017 2720; x_wconf 89' lang='lat' dir='ltr'>malurn</span> <span class='ocrx_word' id='word_1_229' title='bbox 1044 2675 1222 2721; x_wconf 89' lang='lat' dir='ltr'>miseris</span> <span class='ocrx_word' id='word_1_230' title='bbox 1249 2691 1336 2721; x_wconf 90' lang='lat' dir='ltr'>nec</span> <span class='ocrx_word' id='word_1_231' title='bbox 1364 2674 1578 2720; x_wconf 89' lang='lat' dir='ltr'>funditus</span> <span class='ocrx_word' id='word_1_232' title='bbox 1603 2688 1766 2719; x_wconf 89' lang='lat' dir='ltr'>omnes</span> 
     </span>
    </p>
   </div>
   <div class='ocr_carea' id='block_1_5' title="bbox 326 2752 1756 2807">
    <p class='ocr_par' dir='ltr' id='par_1_5' title="bbox 326 2752 1756 2807">
     <span class='ocr_line' id='line_1_40' title="bbox 326 2752 1756 2807; baseline -0.002 -12"><span class='ocrx_word' id='word_1_233' title='bbox 326 2769 404 2807; x_wconf 90' lang='lat'>704</span> <span class='ocrx_word' id='word_1_234' title='bbox 433 2757 549 2795; x_wconf 84' lang='lat' dir='ltr'>silvis.</span> <span class='ocrx_word' id='word_1_235' title='bbox 608 2769 683 2806; x_wconf 76' lang='lat'>723</span> <span class='ocrx_word' id='word_1_236' title='bbox 715 2756 880 2805; x_wconf 84' lang='lat' dir='ltr'>suspicit.</span> <span class='ocrx_word' id='word_1_237' title='bbox 941 2767 1016 2805; x_wconf 90' lang='lat'>734</span> <span class='ocrx_word' id='word_1_238' title='bbox 1048 2756 1256 2804; x_wconf 86' lang='lat' dir='ltr'>despiciunt</span> <span class='ocrx_word' id='word_1_239' title='bbox 1277 2756 1372 2794; x_wconf 76' lang='lat' dir='ltr'>codd.</span> <span class='ocrx_word' id='word_1_240' title='bbox 1430 2755 1634 2803; x_wconf 88' lang='lat' dir='ltr'>respiciunt</span> <span class='ocrx_word' id='word_1_241' title='bbox 1654 2752 1756 2792; x_wconf 84' lang='lat' dir='ltr'>Serv.</span> 
     </span>
    </p>
   </div>
  </div>
 </body>
</html>
