1861 3256
571 273 848 313 AENEIDOS
879 273 983 314 LIB.
1012 274 1076 311 III
1505 286 1577 323 147

140 379 346 444 inplevit
371 381 579 428 clamore
605 379 783 427 locum.
853 379 934 426 vix
959 398 1110 443 pauca
1137 379 1318 428 furenti

142 448 324 495 subicio
351 460 398 494 et
424 446 534 493 raris
561 445 774 492 turbatus
800 446 996 493 vocibus
1022 448 1156 494 hisco
1181 466 1192 495 ε

109 514 246 561 ‘vivo
273 514 511 578 equidem,
536 511 782 576 vitamque
809 526 1021 561 extrema
1046 532 1130 577 per
1153 513 1314 562 omnia
1340 513 1497 571 duco;
1523 556 1554 588 7

142 599 203 628 ne
229 582 411 640 dubita,
438 597 549 627 nam
573 597 684 626 vera
709 579 857 626 vides.
1522 589 1526 592 ’

139 650 236 695 heu
261 649 269 696 ἱ
310 647 413 712 quis
440 660 487 695 te
512 665 643 694 casus
669 647 909 694 deiectam
935 647 1137 709 coniuge
1164 661 1299 696 tanto

143 715 337 778 excipit,
364 727 445 762 aut
470 731 592 778 quae
617 714 759 775 digna
785 714 893 761 satis
920 714 1112 762 fortuna
1136 715 1334 762 revisit?

143 781 370 829 Hectoris
395 782 737 828 Andromache
765 780 983 844 Pyrrhin'
1010 782 1215 829 conubia
1243 799 1394 829 servas
1414 785 1431 828 ?
1450 781 1461 802 '

141 849 320 896 deiecit
343 849 533 896 vultum
560 861 607 895 et
633 848 834 895 demissa
860 865 978 895 voce
1005 849 1165 895 locuta
1193 862 1262 896 est
1287 867 1298 896 ε
1525 872 1585 903 320

140 934 166 961 o
194 915 312 962 felix
343 932 437 962 una
464 928 576 962 ante
603 915 712 961 alias
742 915 974 962 Priameia
999 915 1145 977 virgo,

140 982 367 1029 hostilem
394 982 454 1028 ad
479 982 720 1028 tumulum
749 983 928 1029 Troiae
953 983 1038 1029 sub
1064 983 1313 1030 moenibus
1340 981 1447 1029 altis

142 1049 264 1095 iussa
290 1048 426 1107 mori,
454 1066 575 1112 quae
603 1049 794 1096 sortitus
821 1066 919 1096 non
944 1049 1144 1113 pertulit
1170 1050 1293 1096 ullos

143 1133 233 1162 nec
259 1115 451 1162 victoris
480 1115 546 1162 eri
575 1115 735 1177 tetigit
761 1117 949 1179 captiva
975 1117 1136 1163 cubile
1159 1117 1169 1164 l

143 1200 228 1229 nos
253 1183 406 1246 patria
431 1182 629 1230 incensa
657 1183 842 1230 diversa
867 1201 954 1247 per
978 1201 1181 1247 aequora
1206 1196 1374 1231 vectae

142 1249 298 1312 stirpis
323 1249 577 1297 Achilleae
605 1251 752 1297 fastus
779 1250 1103 1314 iuvenemque
1128 1251 1401 1313 superbum,

143 1316 337 1363 servitio
365 1317 550 1375 enixae,
580 1317 811 1375 tulimus3
848 1318 929 1382 qui
955 1318 1133 1365 deinde
1159 1331 1347 1365 secutus

143 1383 385 1431 Ledaeam
412 1383 721 1431 Hermionen
749 1385 1256 1449 Lacedaemoniosque
1281 1386 1574 1447 hymenaeos

143 1467 221 1497 me
242 1450 424 1497 famulo
445 1450 775 1515 famulamque
798 1452 996 1499 Heleno
1019 1452 1279 1500 transmisit
1297 1451 1586 1498 habendam.

144 1531 213 1564 ast
238 1517 378 1564 illum
406 1531 597 1580 ereptae
624 1535 800 1580 magno
827 1518 1095 1566 flammatus
1120 1536 1280 1566 amore
1528 1541 1590 1572 330

145 1584 359 1646 coniugis
387 1598 434 1631 et
460 1585 695 1632 scelerum
724 1585 876 1633 Furiis
903 1587 1103 1648 agitatus
1133 1587 1326 1633 Orestes

147 1652 327 1715 excipit
352 1651 601 1699 incautum
628 1653 902 1716 patriasque
927 1654 1185 1700 obtruncat
1210 1652 1269 1699 ad
1294 1670 1411 1700 aras.

146 1732 299 1766 morte
325 1719 642 1782 Neoptolemi
671 1736 929 1781 regnorum
954 1720 1140 1767 reddita
1167 1719 1307 1767 cessit

147 1804 250 1850 pars
276 1786 490 1844 Heleno,
518 1786 599 1849 qui
629 1785 878 1834 Chaonios
902 1787 1192 1848 cognomine
1218 1804 1412 1850 campos

149 1853 514 1917 Chaoniamque
541 1870 738 1901 omnem
767 1854 985 1901 Troiano
1012 1872 1036 1901 a
1064 1854 1267 1901 Chaone
1293 1854 1432 1913 dixit,

150 1921 470 1984 Pergamaque
496 1920 794 1984 Iliacamque
822 1921 940 1983 iugis
965 1923 1091 1968 hanc
1119 1921 1305 1968 addidit
1331 1938 1505 1968 arcem.

148 1988 230 2034 sed
256 1988 342 2035 tibi
369 1987 449 2051 qui
476 2005 666 2035 cursum
693 1989 844 2047 venti,
873 2006 993 2051 quae
1019 1989 1115 2036 fata
1142 1989 1356 2035 dedere?

149 2068 228 2102 aut
254 2055 472 2118 quisnam
498 2055 716 2116 ignarum
746 2056 917 2102 nostris
943 2057 1059 2102 deus
1084 2055 1272 2119 appulit
1298 2055 1427 2102 oris?

150 2121 264 2185 quid
287 2139 407 2185 puer
430 2122 666 2169 Ascanius
686 2126 702 2168 ?
740 2136 994 2186 superatne
1023 2136 1070 2169 et
1094 2122 1303 2170 vescitur
1330 2125 1478 2169 aura?

151 2206 291 2252 quem
318 2189 405 2236 tibi
432 2189 527 2236 iam
555 2189 775 2236 Troia—
1532 2213 1596 2244 340

153 2273 299 2319 ecqua
325 2269 487 2303 tamen
513 2274 663 2319 puero
693 2270 762 2303 est
788 2257 985 2304 amissae
1010 2274 1122 2304 cura
1147 2255 1358 2319 parentis
1381 2259 1398 2303 ?

154 2323 322 2386 ecquid
347 2323 397 2370 in
425 2324 673 2388 antiquam
700 2324 929 2371 virtutem
956 2324 1235 2387 animosque
1260 2323 1423 2370 viriles

155 2401 201 2435 et
225 2402 358 2451 pater
382 2392 573 2438 Aeneas
601 2404 647 2438 et
673 2391 938 2438 avunculus
968 2391 1144 2439 excitat
1170 2391 1359 2438 Hector
1380 2394 1395 2438 ?
1415 2391 1426 2410 ⁷

155 2455 265 2502 talia
290 2457 525 2504 fundebat
550 2458 804 2505 lacrimans
830 2459 1093 2522 longosque
1119 2458 1277 2505 ciebat

154 2522 388 2570 ineassum
414 2524 568 2583 fletu5‚
596 2543 706 2572 cum
732 2543 832 2573 sese
858 2544 883 2572 a
909 2526 1162 2573 moenibus
1187 2527 1326 2572 heros

157 2587 416 2635 Priamides
442 2592 606 2638 multis
634 2593 856 2640 Helenus
884 2593 1227 2640 comitantibus
1253 2593 1409 2639 adfert

155 2654 496 2718 adgnoscitque
522 2675 627 2704 suos
652 2659 899 2723 laetusque
925 2660 983 2706 ad
1008 2660 1177 2706 limina
1203 2659 1353 2716 ducit,

157 2735 203 2768 et
229 2721 436 2768 multum
462 2722 678 2771 lacrimas
702 2726 846 2772 verba
871 2726 999 2772 inter
1025 2727 1208 2787 singula
1234 2725 1413 2772 fundit.

220 2811 294 2849 319
324 2799 636 2840 Andromachen.
697 2813 773 2852 330
802 2802 1080 2840 inflammatus.
1142 2801 1214 2852 348
1247 2802 1462 2839 lacrimans.
