1861 3256
259 237 329 276 128
708 235 752 274 P.
781 232 1016 272 VERG1L1
1046 234 1304 274 MARONIS

325 359 350 388 a
374 354 558 403 tergo,1
545 340 711 387 infelix
738 357 827 402 qua
851 357 913 396 se,
921 340 1049 389 dum
1072 358 1215 402 regna
1238 341 1503 397 manebant,

325 408 502 471 saepius
526 407 858 453 Andromache
884 377 1040 452 Perre
1028 407 1302 454 1ncomitata
1327 408 1500 455 solebat

324 475 381 522 ad
405 491 602 529 soceros,
627 485 674 518 et
698 489 782 518 avo
805 489 1004 534 puerum
1028 474 1312 536 Astyanacta
1336 475 1561 522 trahebat.

324 541 468 588 evado
492 540 549 585 ad
573 538 744 585 summi
770 538 948 599 fastigia
973 540 1211 597 culminis,
1237 541 1362 586 unde

323 608 415 654 tela
440 622 581 651 manu
608 605 767 682 miserfx
787 604 1021 652 iactabant
1046 606 1185 653 inrita
1211 607 1407 653 Teucri.

325 673 487 719 turrim
513 672 562 717 in
588 671 832 734 praecipiti
859 685 1057 719 stantem
1084 673 1369 735 summisque
1397 672 1480 718 sub
1506 685 1622 720 astra
1685 688 1748 729 460

323 739 541 785 eductam
568 738 719 795 tectis,
746 738 870 784 unde
896 739 1048 786 omnis
1074 739 1220 785 Troia
1245 739 1391 784 videri

322 819 367 852 et
392 806 612 852 Danaum
638 805 797 851 solitae
823 822 960 852 naves
988 819 1032 852 et
1057 806 1266 852 Achaica
1292 818 1450 862 castra,

321 871 517 933 adgressi
543 871 664 918 ferro
689 872 886 928 circum,
913 890 1002 934 qua
1027 889 1206 918 summa
1231 872 1437 918 labantes

320 938 561 984 iuncturas
587 938 791 984 tabulata
814 938 1003 995 dabant,
1030 938 1342 985 convellimus
1368 938 1471 984 altis

320 1005 519 1060 sedibus,
547 1004 898 1067 inpulimusque
922 1024 932 1051 :
971 1022 1023 1051 ea
1049 1006 1172 1068 lapsa
1196 1018 1388 1068 repente
1415 1004 1598 1050 ruinam

321 1088 431 1117 cum
457 1070 613 1117 sonitu
641 1070 796 1127 trahit,
822 1084 867 1116 et
893 1071 1112 1117 Danaum
1138 1089 1273 1134 super
1298 1072 1483 1132 agmina
1508 1072 1599 1117 late

319 1137 503 1184 incidit.
574 1150 638 1183 ast
664 1136 741 1182 alii
767 1136 969 1184 subeunt
991 1157 1005 1193 ;
1041 1155 1129 1184 nec
1157 1155 1278 1194 saxa,
1304 1155 1391 1184 nec
1420 1138 1571 1184 ullum

320 1205 522 1251 telorum
548 1204 725 1250 interea
751 1217 896 1249 cessat
919 1220 1079 1263 genus.

319 1271 604 1317 vestibulum
631 1284 736 1316 ante
763 1269 915 1332 ipsum
939 1270 1184 1333 primoque
1211 1270 1260 1315 in
1286 1270 1451 1316 limine
1479 1270 1679 1331 Pyrrhus

320 1338 521 1383 exsultat
548 1336 650 1383 telis
677 1350 722 1382 et
748 1336 854 1383 luce
882 1353 1098 1382 coruscus
1123 1344 1263 1382 aena:
1689 1360 1752 1391 470

320 1404 467 1466 qualis
493 1404 571 1449 ubi
598 1404 648 1449 in
673 1404 831 1449 lucem
857 1403 1050 1449 coluber
1075 1403 1195 1448 mala
1221 1402 1428 1463 gramina
1452 1415 1623 1464 pastus,

320 1470 485 1530 frigida
511 1470 594 1516 sub
619 1484 739 1516 terra
765 1469 1001 1516 tumidum
1028 1486 1168 1532 quem
1195 1469 1359 1515 bruma
1385 1469 1586 1530 tegebat,

320 1554 449 1583 nunc
476 1536 636 1600 positis
661 1553 806 1583 novus
833 1536 1013 1582 exuviis
1041 1535 1308 1599 nitidusque
1335 1535 1542 1592 iuventa,

320 1603 500 1650 lubrica
527 1603 770 1650 convolvit
796 1603 976 1649 sublato
1004 1616 1190 1664 pectore
1218 1616 1343 1663 terga

319 1670 487 1716 arduus
513 1670 569 1715 ad
595 1671 757 1726 solem,
783 1683 828 1715 et
854 1669 1024 1729 linguis
1049 1669 1192 1715 micat
1218 1685 1296 1714 ore
1323 1668 1538 1715 trisulcis.

320 1754 413 1783 una
437 1737 602 1796 ingens
629 1736 849 1798 Periphas
874 1749 920 1782 et
946 1753 1173 1798 equorum
1202 1735 1394 1795 agitator
1418 1733 1623 1780 Achillis

319 1803 517 1864 armiger
541 1803 857 1858 Automedon,
886 1819 978 1848 una
1003 1802 1153 1848 omnis
1183 1801 1344 1863 Scyria
1368 1801 1514 1863 pubes

318 1870 580 1917 succedunt
607 1883 749 1926 tect0,
774 1882 820 1915 et
845 1867 1051 1914 flammas
1077 1869 1133 1914 ad
1159 1868 1369 1914 culmina
1393 1867 1582 1914 iactant.

318 1937 415 1998 ipse
442 1937 565 1982 inter
589 1936 762 1998 primos
788 1948 1000 1998 correpta
1024 1935 1138 1981 dura
1163 1934 1359 1997 bipenni

317 2003 485 2050 limina
508 2002 785 2065 perrumpit,
812 2015 1056 2064 postesque
1083 2019 1107 2047 a
1133 2001 1321 2046 cardine
1347 1999 1478 2045 vellit
1688 2014 1751 2053 480

320 2083 491 2116 aeratos
515 2090 528 2125 ;
566 2069 750 2131 iamque
778 2069 930 2114 excisa
956 2068 1082 2113 trabe
1109 2067 1240 2112 firma
1266 2066 1444 2112 cavavit

317 2136 494 2191 robora,
522 2148 567 2182 et
593 2135 836 2196 ingentem
864 2135 955 2180 lato
980 2134 1108 2180 dedit
1135 2151 1212 2180 ore
1238 2134 1504 2180 fenestram.
1528 2147 1530 2149 ’

318 2216 508 2265 apparet
533 2203 696 2248 domus
723 2202 862 2256 intus,
892 2215 936 2247 et
962 2201 1075 2247 atria
1099 2201 1237 2261 longa
1259 2212 1505 2262 patescunt
1528 2218 1541 2254 ;

319 2282 543 2331 apparent
571 2268 742 2315 Priami
769 2282 814 2314 et
842 2281 1050 2314 veterum
1076 2267 1331 2330 penetralia
1354 2281 1532 2325 regum,

319 2349 607 2398 armatosque
634 2335 796 2381 vident
822 2348 992 2380 stantes
1018 2334 1066 2379 in
1094 2333 1257 2380 limine
1283 2332 1449 2394 primo.

387 2415 433 2448 at
458 2402 621 2447 domus
647 2401 841 2447 interior
866 2400 1042 2461 gemitu
1070 2399 1330 2462 miseroque
1357 2396 1563 2444 tumultu

319 2469 578 2524 miscetur3
613 2468 898 2530 penitusque
925 2483 1062 2512 cavae
1088 2464 1389 2527 plangoribus
1416 2463 1548 2509 aedes

319 2535 536 2582 femineis
563 2535 783 2590 ululant3
821 2533 928 2579 ferit
954 2549 1087 2578 aurea
1112 2532 1258 2577 sidera
1284 2531 1475 2577 clamor.

321 2615 422 2649 tum
449 2601 640 2664 pavidae
668 2600 804 2647 tectis
831 2613 997 2645 matres
1023 2597 1289 2658 ingentibus
1317 2610 1488 2653 errant,

319 2669 660 2731 amplexaeque
686 2679 851 2713 tenent
875 2679 1042 2728 postes,
1067 2678 1205 2728 atque
1231 2664 1388 2710 oscula
1413 2662 1578 2724 figunt.
1687 2684 1750 2716 490

319 2735 460 2782 instat
483 2735 528 2781 vi
553 2733 699 2798 patria
727 2734 794 2795 Py
797 2734 965 2788 rrhus3
1001 2748 1088 2777 nec
1116 2732 1329 2786 claustra,
1355 2746 1508 2793 neque
1535 2728 1620 2789 ipsi
