1861 3256
587 274 919 314 GEoRGICON
949 272 1052 311 LIB.
1082 272 1102 309 1
1539 281 1585 320 33

157 387 365 448 remigiis
391 385 576 447 subigit,
604 383 639 430 si
667 382 886 429 bracchia
912 383 1032 429 forte
1057 380 1252 437 remisit,

159 468 298 518 atque
324 454 461 500 illum
487 453 537 498 in
563 467 784 513 praeceps
811 467 960 511 prono
985 449 1106 511 rapit
1132 448 1287 495 alveus
1313 446 1459 494 amni.

225 535 464 584 praeterea
489 533 584 566 tam
610 530 720 564 sunt
743 516 936 563 Arcturi
965 516 1111 562 sidera
1137 514 1271 562 nobis

160 589 533 650 Haedorumque
559 585 658 631 dies
683 582 902 630 servandi
930 595 975 629 et
1001 583 1186 629 lucidus
1211 580 1407 643 AnguiS‚

159 672 300 718 quam
325 654 492 718 quibus
519 653 567 698 in
593 651 791 714 patriam
816 663 1012 697 ventosa
1038 667 1123 711 per
1149 666 1347 712 aequora
1371 647 1517 694 vectis

161 723 339 769 Pontus
366 734 412 768 et
437 719 636 767 ostriferi
663 719 824 765 fauces
849 729 1142 779 temptantur
1166 715 1345 778 Abydi.

159 789 302 836 Libra
327 788 402 834 die
429 787 677 849 somnique
703 803 833 848 pares
861 785 940 831 ubi
969 784 1137 830 fecerit
1163 785 1311 840 horas,

161 869 207 902 et
232 856 442 902 medium
468 854 564 901 luci
591 867 731 916 atque
758 852 934 899 umbris
961 851 1056 897 iam
1083 850 1251 897 dividit
1277 850 1455 907 orbern,

160 936 394 979 exercete,
420 921 520 978 viri,
550 934 718 977 tauros,
747 919 885 966 serite
910 919 1086 965 hordea
1112 917 1288 979 campis
1537 940 1600 962 210

160 1007 305 1053 usque
332 989 416 1035 sub
443 1001 710 1034 extremum
737 987 929 1033 brumae
955 985 1266 1031 intractabilis
1291 984 1492 1030 imbrem
1515 1003 1528 1040 3

159 1074 248 1103 nec
276 1073 373 1103 non
401 1070 446 1102 et
473 1055 558 1101 lini
587 1067 793 1115 segetem
819 1068 866 1101 et
893 1053 1089 1100 Cereale
1116 1069 1316 1114 papaver

161 1138 346 1186 tempus
372 1124 518 1169 humo
544 1136 698 1182 tegere
727 1135 772 1167 et
798 1121 1078 1167 iamdudum
1104 1120 1382 1166 incumbere
1409 1117 1568 1164 aratris

161 1191 275 1237 dum
301 1190 423 1236 sicca
449 1189 619 1236 tellure
646 1189 777 1245 licet,
803 1189 917 1234 dum
944 1187 1107 1233 nubila
1131 1186 1360 1249 pendent.

161 1275 269 1305 vere
297 1257 412 1303 fabis
440 1257 552 1304 satio
575 1277 589 1311 3
629 1269 730 1303 tum
757 1269 802 1302 te
830 1272 1033 1319 quoque,
1064 1254 1276 1311 Medica,
1302 1265 1474 1315 putres,

163 1325 404 1387 accipiunt
430 1324 564 1381 sulci,
591 1337 637 1370 et
664 1323 799 1370 milio
824 1323 958 1369 venit
984 1339 1139 1368 annua
1163 1338 1288 1377 cura,

163 1392 390 1439 candidus
417 1391 584 1438 auratis
613 1391 762 1454 aperit
789 1407 899 1437 cum
926 1389 1145 1436 cornibus
1171 1404 1350 1434 annum

163 1460 367 1516 Taurus,
394 1472 440 1505 et
466 1459 657 1505 adverso
685 1458 856 1504 cedens
884 1457 1027 1504 Canis
1055 1455 1233 1502 occidit
1258 1468 1392 1501 astro.

163 1540 210 1573 at
235 1526 270 1572 si
297 1526 530 1573 triticeam
556 1525 605 1571 in
634 1541 834 1571 messem
859 1524 1141 1587 robustaque
1168 1523 1287 1568 farra

163 1593 403 1640 exercebis
429 1595 646 1649 humum,
675 1592 875 1655 solisque
902 1591 1096 1637 instabis
1124 1589 1284 1644 aristis,
1541 1613 1605 1633 220

165 1674 273 1708 ante
300 1660 386 1707 tibi
414 1661 538 1705 ane
565 1658 838 1705 Atlantides
865 1657 1215 1704 abscondantur

165 1727 440 1790 Gnosiaque
467 1726 670 1772 ardentis
699 1725 897 1772 decedat
923 1724 1058 1771 stella
1084 1724 1316 1779 Coronae,

163 1795 321 1841 debita
347 1811 486 1857 quam
513 1793 652 1839 sulcis
682 1792 949 1850 committas
977 1791 1169 1849 semina,
1197 1806 1432 1853 quamque

163 1862 339 1908 invitae
365 1878 585 1924 properes
614 1860 726 1906 anni
753 1877 884 1923 spem
911 1859 1101 1906 credere
1128 1872 1292 1905 terrae.

163 1929 303 1976 multi
329 1942 437 1975 ante
463 1945 684 1974 occasum
713 1927 873 1974 Maiae
901 1943 1099 1989 coepere
1121 1946 1135 1980 ;
1172 1925 1253 1973 sed
1277 1924 1384 1971 illos

164 2010 430 2059 exspectata
456 2013 582 2056 seges
608 1995 739 2042 vanis
767 1994 904 2041 elusit
930 1994 1091 2041 aristis,

163 2065 200 2110 si
226 2081 336 2110 vero
360 2063 627 2126 viciamque
655 2079 776 2109 seres
801 2062 1041 2125 vilemque
1066 2060 1332 2124 phaselum,

165 2148 254 2178 nec
283 2130 551 2177 Pelusiacae
580 2147 740 2177 curam
769 2129 1074 2192 aspernabere
1100 2128 1259 2184 lentis,

164 2199 290 2245 haud
315 2198 509 2244 obscura
536 2197 707 2243 cadens
735 2197 894 2243 mittet
921 2196 1007 2242 tibi
1034 2196 1164 2256 signa
1191 2195 1361 2241 Bootes
1387 2214 1399 2249 ;

165 2266 325 2328 incipe
353 2279 399 2312 et
425 2265 481 2311 ad
506 2265 681 2311 medias
711 2278 976 2310 sementem
1004 2262 1208 2309 extende
1234 2260 1441 2324 pruinas.
1544 2284 1605 2314 230

233 2332 415 2379 idcirco
442 2332 579 2379 certis
608 2332 876 2378 dimensum
904 2331 1113 2393 partibus
1140 2330 1303 2376 orbem

166 2417 250 2462 per
275 2400 494 2447 duodena
517 2399 636 2460 regit
663 2399 830 2446 mundi
858 2399 924 2445 sol
952 2415 1117 2445 aureus
1143 2411 1274 2444 astra.

169 2467 378 2530 quinque
404 2481 572 2514 tenent
599 2467 786 2513 caelum
813 2483 961 2512 zonae
986 2485 996 2513 ;
1036 2482 1233 2529 quarum
1259 2480 1353 2510 una
1378 2478 1572 2509 corusco

170 2550 351 2595 semper
376 2536 470 2581 sole
495 2535 668 2581 rubens
695 2548 742 2581 et
770 2534 941 2580 torrida
967 2550 1152 2595 semper
1179 2532 1235 2579 ab
1260 2530 1357 2591 igni
1385 2551 1398 2587 ;

171 2617 311 2663 quam
337 2601 516 2649 circum
543 2616 779 2649 extremae
807 2602 973 2648 dextra
999 2601 1224 2663 laevaque
1250 2599 1500 2644 trahuntur

173 2667 428 2724 caeruleae,
453 2669 602 2730 glacie
629 2681 878 2716 concretae
906 2681 1047 2732 atque
1072 2666 1301 2714 imbribus
1327 2663 1434 2712 atris
1457 2684 1470 2718 ;

232 2767 307 2805 203
339 2755 451 2794 illum
473 2770 670 2807 praeceps3
728 2771 847 2808 prono
869 2757 908 2794 in
931 2770 1116 2807 praeceps,
1229 2754 1303 2792 218
1336 2763 1478 2790 averso·

537 2812 613 2847 226
644 2812 785 2849 avenis.
899 2811 976 2860 236
1008 2811 1190 2848 caerulea.

845 2881 875 2910 D
