<?xml version="1.0" encoding="UTF-8"?>
<!DOCTYPE html PUBLIC "-//W3C//DTD XHTML 1.0 Transitional//EN"
    "http://www.w3.org/TR/xhtml1/DTD/xhtml1-transitional.dtd">
<html xmlns="http://www.w3.org/1999/xhtml" xml:lang="en" lang="en">
 <head>
  <title>
</title>
<meta http-equiv="Content-Type" content="text/html;charset=utf-8" />
  <meta name='ocr-system' content='tesseract 3.04.00' />
  <meta name='ocr-capabilities' content='ocr_page ocr_carea ocr_par ocr_line ocrx_word'/>
</head>
<body>
  <div class='ocr_page' id='page_1' title='image "./operabucolicageo00virguoft_0140.png"; bbox 0 0 1861 3256; ppageno 0'>
   <div class='ocr_carea' id='block_1_1' title="bbox 271 224 1316 266">
    <p class='ocr_par' dir='ltr' id='par_1_1' title="bbox 271 224 1316 266">
     <span class='ocr_line' id='line_1_1' title="bbox 271 224 1316 266; baseline 0.008 -8"><span class='ocrx_word' id='word_1_1' title='bbox 271 233 342 259; x_wconf 89' lang='lat'>112</span> <span class='ocrx_word' id='word_1_2' title='bbox 722 226 766 263; x_wconf 83' lang='lat' dir='ltr'>P.</span> <span class='ocrx_word' id='word_1_3' title='bbox 797 224 1030 264; x_wconf 89' lang='lat' dir='ltr'>VERGILI</span> <span class='ocrx_word' id='word_1_4' title='bbox 1060 227 1316 266; x_wconf 91' lang='lat' dir='ltr'>MARONIS</span> 
     </span>
    </p>
   </div>
   <div class='ocr_carea' id='block_1_2' title="bbox 325 330 1763 2785">
    <p class='ocr_par' dir='ltr' id='par_1_2' title="bbox 326 330 1763 1989">
     <span class='ocr_line' id='line_1_2' title="bbox 335 330 1763 396; baseline 0.006 -20"><span class='ocrx_word' id='word_1_5' title='bbox 335 347 465 377; x_wconf 92' lang='lat' dir='ltr'>nunc</span> <span class='ocrx_word' id='word_1_6' title='bbox 494 330 744 376; x_wconf 87' lang='lat' dir='ltr'>Phoenissa</span> <span class='ocrx_word' id='word_1_7' title='bbox 769 343 900 377; x_wconf 91' lang='lat' dir='ltr'>tenet</span> <span class='ocrx_word' id='word_1_8' title='bbox 925 331 1053 379; x_wconf 88' lang='lat' dir='ltr'>Dido</span> <span class='ocrx_word' id='word_1_9' title='bbox 1080 332 1355 396; x_wconf 84' lang='lat' dir='ltr'>blandisque</span> <span class='ocrx_word' id='word_1_10' title='bbox 1381 348 1588 382; x_wconf 89' lang='lat' dir='ltr'>moratur</span> <span class='ocrx_word' id='word_1_11' title='bbox 1700 352 1763 392; x_wconf 85' lang='lat'>670</span> 
     </span>
     <span class='ocr_line' id='line_1_3' title="bbox 334 397 1473 460; baseline 0.003 -17"><span class='ocrx_word' id='word_1_12' title='bbox 334 397 526 443; x_wconf 88' lang='lat' dir='ltr'>vocibus</span> <span class='ocrx_word' id='word_1_13' title='bbox 548 416 563 451; x_wconf 82' lang='lat'>3</span> <span class='ocrx_word' id='word_1_14' title='bbox 599 410 645 442; x_wconf 91' lang='lat' dir='ltr'>et</span> <span class='ocrx_word' id='word_1_15' title='bbox 670 413 847 452; x_wconf 84' lang='lat' dir='ltr'>vereor,</span> <span class='ocrx_word' id='word_1_16' title='bbox 872 414 964 460; x_wconf 89' lang='lat' dir='ltr'>quo</span> <span class='ocrx_word' id='word_1_17' title='bbox 988 415 1035 444; x_wconf 88' lang='lat' dir='ltr'>se</span> <span class='ocrx_word' id='word_1_18' title='bbox 1063 400 1265 446; x_wconf 91' lang='lat' dir='ltr'>Iunonia</span> <span class='ocrx_word' id='word_1_19' title='bbox 1290 414 1473 447; x_wconf 89' lang='lat' dir='ltr'>vertant</span> 
     </span>
     <span class='ocr_line' id='line_1_4' title="bbox 333 462 1514 524; baseline 0.004 -16"><span class='ocrx_word' id='word_1_20' title='bbox 333 463 531 524; x_wconf 90' lang='lat' dir='ltr'>hospitia</span> <span class='ocrx_word' id='word_1_21' title='bbox 553 482 567 518; x_wconf 83' lang='lat'><em>3</em></span> <span class='ocrx_word' id='word_1_22' title='bbox 603 462 727 508; x_wconf 91' lang='lat' dir='ltr'>haud</span> <span class='ocrx_word' id='word_1_23' title='bbox 752 476 882 509; x_wconf 87' lang='lat' dir='ltr'>tanto</span> <span class='ocrx_word' id='word_1_24' title='bbox 907 465 1101 511; x_wconf 87' lang='lat' dir='ltr'>cessabit</span> <span class='ocrx_word' id='word_1_25' title='bbox 1129 466 1314 512; x_wconf 88' lang='lat' dir='ltr'>cardine</span> <span class='ocrx_word' id='word_1_26' title='bbox 1341 483 1514 514; x_wconf 90' lang='lat' dir='ltr'>rerum.</span> 
     </span>
     <span class='ocr_line' id='line_1_5' title="bbox 333 529 1517 593; baseline 0.003 -18"><span class='ocrx_word' id='word_1_27' title='bbox 333 529 552 591; x_wconf 86' lang='lat' dir='ltr'>quocirca</span> <span class='ocrx_word' id='word_1_28' title='bbox 577 544 741 589; x_wconf 87' lang='lat' dir='ltr'>capere</span> <span class='ocrx_word' id='word_1_29' title='bbox 767 542 873 576; x_wconf 90' lang='lat' dir='ltr'>ante</span> <span class='ocrx_word' id='word_1_30' title='bbox 899 530 1015 577; x_wconf 91' lang='lat' dir='ltr'>dolis</span> <span class='ocrx_word' id='word_1_31' title='bbox 1043 545 1089 578; x_wconf 93' lang='lat' dir='ltr'>et</span> <span class='ocrx_word' id='word_1_32' title='bbox 1116 532 1304 593; x_wconf 86' lang='lat' dir='ltr'>cingere</span> <span class='ocrx_word' id='word_1_33' title='bbox 1330 531 1517 579; x_wconf 86' lang='lat' dir='ltr'>flamma</span> 
     </span>
     <span class='ocr_line' id='line_1_6' title="bbox 332 594 1476 660; baseline 0.003 -19"><span class='ocrx_word' id='word_1_34' title='bbox 332 594 541 654; x_wconf 88' lang='lat' dir='ltr'>reginam</span> <span class='ocrx_word' id='word_1_35' title='bbox 568 594 784 652; x_wconf 90' lang='lat' dir='ltr'>meditor,</span> <span class='ocrx_word' id='word_1_36' title='bbox 811 612 870 642; x_wconf 88' lang='lat' dir='ltr'>ne</span> <span class='ocrx_word' id='word_1_37' title='bbox 897 614 988 660; x_wconf 93' lang='lat' dir='ltr'>quo</span> <span class='ocrx_word' id='word_1_38' title='bbox 1015 614 1060 644; x_wconf 92' lang='lat' dir='ltr'>se</span> <span class='ocrx_word' id='word_1_39' title='bbox 1087 598 1283 645; x_wconf 88' lang='lat' dir='ltr'>numine</span> <span class='ocrx_word' id='word_1_40' title='bbox 1310 611 1476 655; x_wconf 89' lang='lat' dir='ltr'>mutet,</span> 
     </span>
     <span class='ocr_line' id='line_1_7' title="bbox 332 661 1471 720; baseline 0.005 -15"><span class='ocrx_word' id='word_1_41' title='bbox 332 661 410 706; x_wconf 87' lang='lat' dir='ltr'>sed</span> <span class='ocrx_word' id='word_1_42' title='bbox 435 676 605 720; x_wconf 91' lang='lat' dir='ltr'>magno</span> <span class='ocrx_word' id='word_1_43' title='bbox 629 662 819 708; x_wconf 87' lang='lat' dir='ltr'>Aeneae</span> <span class='ocrx_word' id='word_1_44' title='bbox 848 679 1035 710; x_wconf 92' lang='lat' dir='ltr'>mecum</span> <span class='ocrx_word' id='word_1_45' title='bbox 1064 676 1277 710; x_wconf 90' lang='lat' dir='ltr'>teneatur</span> <span class='ocrx_word' id='word_1_46' title='bbox 1301 681 1471 712; x_wconf 87' lang='lat' dir='ltr'>amore.</span> 
     </span>
     <span class='ocr_line' id='line_1_8' title="bbox 331 726 1680 793; baseline 0.007 -23"><span class='ocrx_word' id='word_1_47' title='bbox 331 744 422 788; x_wconf 89' lang='lat' dir='ltr'>qua</span> <span class='ocrx_word' id='word_1_48' title='bbox 447 726 599 772; x_wconf 89' lang='lat' dir='ltr'>facere</span> <span class='ocrx_word' id='word_1_49' title='bbox 625 726 671 773; x_wconf 92' lang='lat' dir='ltr'>id</span> <span class='ocrx_word' id='word_1_50' title='bbox 697 728 851 789; x_wconf 76' lang='lat' dir='ltr'>possiS,</span> <span class='ocrx_word' id='word_1_51' title='bbox 882 743 1085 776; x_wconf 88' lang='lat' dir='ltr'>nostram</span> <span class='ocrx_word' id='word_1_52' title='bbox 1112 747 1240 777; x_wconf 88' lang='lat' dir='ltr'>nunc</span> <span class='ocrx_word' id='word_1_53' title='bbox 1269 731 1429 793; x_wconf 87' lang='lat' dir='ltr'>accipe</span> <span class='ocrx_word' id='word_1_54' title='bbox 1455 744 1680 780; x_wconf 88' lang='lat' dir='ltr'>mentem.</span> 
     </span>
     <span class='ocr_line' id='line_1_9' title="bbox 330 792 1303 856; baseline 0.006 -18"><span class='ocrx_word' id='word_1_55' title='bbox 330 792 483 854; x_wconf 89' lang='lat' dir='ltr'>regius</span> <span class='ocrx_word' id='word_1_56' title='bbox 508 792 661 839; x_wconf 91' lang='lat' dir='ltr'>accitu</span> <span class='ocrx_word' id='word_1_57' title='bbox 689 794 780 840; x_wconf 85' lang='lat' dir='ltr'>cari</span> <span class='ocrx_word' id='word_1_58' title='bbox 809 796 1030 856; x_wconf 90' lang='lat' dir='ltr'>genitoris</span> <span class='ocrx_word' id='word_1_59' title='bbox 1057 798 1114 843; x_wconf 90' lang='lat' dir='ltr'>ad</span> <span class='ocrx_word' id='word_1_60' title='bbox 1141 797 1303 843; x_wconf 88' lang='lat' dir='ltr'>urbem</span> 
     </span>
     <span class='ocr_line' id='line_1_10' title="bbox 333 859 1480 924; baseline 0.004 -19"><span class='ocrx_word' id='word_1_61' title='bbox 333 859 572 906; x_wconf 89' lang='lat' dir='ltr'>Sidoniam</span> <span class='ocrx_word' id='word_1_62' title='bbox 597 877 712 922; x_wconf 91' lang='lat' dir='ltr'>puer</span> <span class='ocrx_word' id='word_1_63' title='bbox 737 861 802 907; x_wconf 92' lang='lat' dir='ltr'>ire</span> <span class='ocrx_word' id='word_1_64' title='bbox 829 875 970 924; x_wconf 89' lang='lat' dir='ltr'>parat,</span> <span class='ocrx_word' id='word_1_65' title='bbox 999 879 1102 909; x_wconf 90' lang='lat' dir='ltr'>mea</span> <span class='ocrx_word' id='word_1_66' title='bbox 1127 865 1330 910; x_wconf 82' lang='lat' dir='ltr'>maxima</span> <span class='ocrx_word' id='word_1_67' title='bbox 1355 880 1480 921; x_wconf 78' lang='lat' dir='ltr'>cura,</span> 
     </span>
     <span class='ocr_line' id='line_1_11' title="bbox 329 926 1599 989; baseline 0.005 -18"><span class='ocrx_word' id='word_1_68' title='bbox 329 926 453 972; x_wconf 90' lang='lat' dir='ltr'>dona</span> <span class='ocrx_word' id='word_1_69' title='bbox 477 926 631 972; x_wconf 92' lang='lat' dir='ltr'>ferens</span> <span class='ocrx_word' id='word_1_70' title='bbox 658 928 821 989; x_wconf 88' lang='lat' dir='ltr'>pelago</span> <span class='ocrx_word' id='word_1_71' title='bbox 849 942 894 975; x_wconf 90' lang='lat' dir='ltr'>et</span> <span class='ocrx_word' id='word_1_72' title='bbox 921 928 1119 976; x_wconf 88' lang='lat' dir='ltr'>flammis</span> <span class='ocrx_word' id='word_1_73' title='bbox 1146 930 1363 977; x_wconf 89' lang='lat' dir='ltr'>restantia</span> <span class='ocrx_word' id='word_1_74' title='bbox 1390 930 1561 977; x_wconf 89' lang='lat' dir='ltr'>Troiae</span> <span class='ocrx_word' id='word_1_75' title='bbox 1585 951 1599 987; x_wconf 83' lang='lat'>3</span> 
     </span>
     <span class='ocr_line' id='line_1_12' title="bbox 330 993 1761 1058; baseline 0.004 -20"><span class='ocrx_word' id='word_1_76' title='bbox 330 994 458 1039; x_wconf 92' lang='lat' dir='ltr'>hunc</span> <span class='ocrx_word' id='word_1_77' title='bbox 487 1009 571 1053; x_wconf 92' lang='lat' dir='ltr'>ego</span> <span class='ocrx_word' id='word_1_78' title='bbox 596 993 798 1054; x_wconf 92' lang='lat' dir='ltr'>sopitum</span> <span class='ocrx_word' id='word_1_79' title='bbox 826 1012 988 1042; x_wconf 90' lang='lat' dir='ltr'>somno</span> <span class='ocrx_word' id='word_1_80' title='bbox 1015 1013 1150 1058; x_wconf 91' lang='lat' dir='ltr'>super</span> <span class='ocrx_word' id='word_1_81' title='bbox 1175 997 1266 1043; x_wconf 88' lang='lat' dir='ltr'>alta</span> <span class='ocrx_word' id='word_1_82' title='bbox 1292 996 1500 1058; x_wconf 90' lang='lat' dir='ltr'>Cythera</span> <span class='ocrx_word' id='word_1_83' title='bbox 1699 1011 1761 1043; x_wconf 89' lang='lat'>680</span> 
     </span>
     <span class='ocr_line' id='line_1_13' title="bbox 329 1060 1423 1121; baseline 0.004 -16"><span class='ocrx_word' id='word_1_84' title='bbox 329 1073 409 1106; x_wconf 91' lang='lat' dir='ltr'>aut</span> <span class='ocrx_word' id='word_1_85' title='bbox 434 1076 570 1121; x_wconf 90' lang='lat' dir='ltr'>super</span> <span class='ocrx_word' id='word_1_86' title='bbox 595 1060 799 1106; x_wconf 90' lang='lat' dir='ltr'>Idalium</span> <span class='ocrx_word' id='word_1_87' title='bbox 827 1076 999 1108; x_wconf 90' lang='lat' dir='ltr'>sacrata</span> <span class='ocrx_word' id='word_1_88' title='bbox 1026 1063 1132 1110; x_wconf 90' lang='lat' dir='ltr'>sede</span> <span class='ocrx_word' id='word_1_89' title='bbox 1158 1063 1423 1121; x_wconf 75' lang='lat' dir='ltr'>recondam,</span> 
     </span>
     <span class='ocr_line' id='line_1_14' title="bbox 329 1126 1522 1192; baseline 0.004 -21"><span class='ocrx_word' id='word_1_90' title='bbox 329 1142 389 1172; x_wconf 92' lang='lat' dir='ltr'>ne</span> <span class='ocrx_word' id='word_1_91' title='bbox 416 1143 507 1189; x_wconf 89' lang='lat' dir='ltr'>qua</span> <span class='ocrx_word' id='word_1_92' title='bbox 531 1126 645 1172; x_wconf 91' lang='lat' dir='ltr'>scire</span> <span class='ocrx_word' id='word_1_93' title='bbox 671 1127 799 1172; x_wconf 91' lang='lat' dir='ltr'>dolos</span> <span class='ocrx_word' id='word_1_94' title='bbox 829 1128 1068 1175; x_wconf 88' lang='lat' dir='ltr'>mediusve</span> <span class='ocrx_word' id='word_1_95' title='bbox 1096 1146 1338 1176; x_wconf 89' lang='lat' dir='ltr'>occurrere</span> <span class='ocrx_word' id='word_1_96' title='bbox 1363 1130 1522 1192; x_wconf 86' lang='lat' dir='ltr'>possit.</span> 
     </span>
     <span class='ocr_line' id='line_1_15' title="bbox 329 1192 1464 1258; baseline 0.004 -20"><span class='ocrx_word' id='word_1_97' title='bbox 329 1206 380 1239; x_wconf 94' lang='lat' dir='ltr'>tu</span> <span class='ocrx_word' id='word_1_98' title='bbox 407 1192 575 1239; x_wconf 90' lang='lat' dir='ltr'>faciem</span> <span class='ocrx_word' id='word_1_99' title='bbox 602 1193 727 1239; x_wconf 92' lang='lat' dir='ltr'>illius</span> <span class='ocrx_word' id='word_1_100' title='bbox 755 1207 947 1240; x_wconf 90' lang='lat' dir='ltr'>noctem</span> <span class='ocrx_word' id='word_1_101' title='bbox 975 1212 1070 1241; x_wconf 91' lang='lat' dir='ltr'>non</span> <span class='ocrx_word' id='word_1_102' title='bbox 1098 1196 1296 1258; x_wconf 91' lang='lat' dir='ltr'>amplius</span> <span class='ocrx_word' id='word_1_103' title='bbox 1323 1213 1464 1243; x_wconf 91' lang='lat' dir='ltr'>unam</span> 
     </span>
     <span class='ocr_line' id='line_1_16' title="bbox 330 1259 1467 1324; baseline 0.004 -19"><span class='ocrx_word' id='word_1_104' title='bbox 330 1259 440 1305; x_wconf 91' lang='lat' dir='ltr'>falle</span> <span class='ocrx_word' id='word_1_105' title='bbox 466 1259 573 1305; x_wconf 93' lang='lat' dir='ltr'>dolo</span> <span class='ocrx_word' id='word_1_106' title='bbox 598 1273 644 1305; x_wconf 92' lang='lat' dir='ltr'>et</span> <span class='ocrx_word' id='word_1_107' title='bbox 670 1274 802 1306; x_wconf 88' lang='lat' dir='ltr'>notos</span> <span class='ocrx_word' id='word_1_108' title='bbox 830 1261 959 1322; x_wconf 88' lang='lat' dir='ltr'>pueri</span> <span class='ocrx_word' id='word_1_109' title='bbox 987 1279 1102 1324; x_wconf 92' lang='lat' dir='ltr'>puer</span> <span class='ocrx_word' id='word_1_110' title='bbox 1126 1262 1269 1308; x_wconf 91' lang='lat' dir='ltr'>indue</span> <span class='ocrx_word' id='word_1_111' title='bbox 1296 1263 1467 1319; x_wconf 78' lang='lat' dir='ltr'>vultUS‚</span> 
     </span>
     <span class='ocr_line' id='line_1_17' title="bbox 331 1327 1458 1389; baseline 0.004 -18"><span class='ocrx_word' id='word_1_112' title='bbox 331 1339 398 1382; x_wconf 89' lang='lat' dir='ltr'>ut,</span> <span class='ocrx_word' id='word_1_113' title='bbox 424 1343 534 1372; x_wconf 92' lang='lat' dir='ltr'>cum</span> <span class='ocrx_word' id='word_1_114' title='bbox 560 1340 604 1372; x_wconf 92' lang='lat' dir='ltr'>te</span> <span class='ocrx_word' id='word_1_115' title='bbox 631 1327 807 1386; x_wconf 90' lang='lat' dir='ltr'>gremio</span> <span class='ocrx_word' id='word_1_116' title='bbox 833 1327 1032 1389; x_wconf 90' lang='lat' dir='ltr'>accipiet</span> <span class='ocrx_word' id='word_1_117' title='bbox 1058 1328 1304 1374; x_wconf 88' lang='lat' dir='ltr'>laetissima</span> <span class='ocrx_word' id='word_1_118' title='bbox 1330 1328 1458 1375; x_wconf 89' lang='lat' dir='ltr'>Dido</span> 
     </span>
     <span class='ocr_line' id='line_1_18' title="bbox 328 1392 1419 1457; baseline 0.003 -19"><span class='ocrx_word' id='word_1_119' title='bbox 328 1393 502 1453; x_wconf 87' lang='lat' dir='ltr'>regales</span> <span class='ocrx_word' id='word_1_120' title='bbox 527 1392 650 1439; x_wconf 90' lang='lat' dir='ltr'>inter</span> <span class='ocrx_word' id='word_1_121' title='bbox 677 1410 855 1439; x_wconf 90' lang='lat' dir='ltr'>mensas</span> <span class='ocrx_word' id='word_1_122' title='bbox 883 1393 1166 1457; x_wconf 88' lang='lat' dir='ltr'>laticemque</span> <span class='ocrx_word' id='word_1_123' title='bbox 1193 1395 1419 1455; x_wconf 86' lang='lat' dir='ltr'>Lyaeum,</span> 
     </span>
     <span class='ocr_line' id='line_1_19' title="bbox 329 1459 1542 1523; baseline 0.002 -19"><span class='ocrx_word' id='word_1_124' title='bbox 329 1475 440 1505; x_wconf 91' lang='lat' dir='ltr'>cum</span> <span class='ocrx_word' id='word_1_125' title='bbox 466 1459 593 1505; x_wconf 91' lang='lat' dir='ltr'>dabit</span> <span class='ocrx_word' id='word_1_126' title='bbox 619 1460 861 1522; x_wconf 81' lang='lat' dir='ltr'>amplexus</span> <span class='ocrx_word' id='word_1_127' title='bbox 888 1474 1026 1523; x_wconf 88' lang='lat' dir='ltr'>atque</span> <span class='ocrx_word' id='word_1_128' title='bbox 1053 1461 1209 1507; x_wconf 90' lang='lat' dir='ltr'>oscula</span> <span class='ocrx_word' id='word_1_129' title='bbox 1235 1461 1391 1507; x_wconf 87' lang='lat' dir='ltr'>dulcia</span> <span class='ocrx_word' id='word_1_130' title='bbox 1416 1461 1542 1522; x_wconf 83' lang='lat' dir='ltr'>figet,</span> 
     </span>
     <span class='ocr_line' id='line_1_20' title="bbox 329 1525 1474 1590; baseline 0.003 -18"><span class='ocrx_word' id='word_1_131' title='bbox 329 1526 574 1572; x_wconf 89' lang='lat' dir='ltr'>occultum</span> <span class='ocrx_word' id='word_1_132' title='bbox 601 1525 797 1589; x_wconf 86' lang='lat' dir='ltr'>inspires</span> <span class='ocrx_word' id='word_1_133' title='bbox 824 1526 981 1587; x_wconf 90' lang='lat' dir='ltr'>ignem</span> <span class='ocrx_word' id='word_1_134' title='bbox 1009 1527 1232 1590; x_wconf 89' lang='lat' dir='ltr'>fallasque</span> <span class='ocrx_word' id='word_1_135' title='bbox 1260 1525 1474 1575; x_wconf 90' lang='lat' dir='ltr'>veneno.&#39;</span> 
     </span>
     <span class='ocr_line' id='line_1_21' title="bbox 326 1593 1426 1655; baseline 0.002 -17"><span class='ocrx_word' id='word_1_136' title='bbox 326 1606 457 1655; x_wconf 89' lang='lat' dir='ltr'>paret</span> <span class='ocrx_word' id='word_1_137' title='bbox 482 1593 630 1638; x_wconf 92' lang='lat' dir='ltr'>Amor</span> <span class='ocrx_word' id='word_1_138' title='bbox 655 1593 791 1639; x_wconf 89' lang='lat' dir='ltr'>dictis</span> <span class='ocrx_word' id='word_1_139' title='bbox 819 1610 946 1640; x_wconf 88' lang='lat' dir='ltr'>carae</span> <span class='ocrx_word' id='word_1_140' title='bbox 974 1594 1237 1654; x_wconf 87' lang='lat' dir='ltr'>genetricis,</span> <span class='ocrx_word' id='word_1_141' title='bbox 1265 1608 1310 1641; x_wconf 91' lang='lat' dir='ltr'>et</span> <span class='ocrx_word' id='word_1_142' title='bbox 1336 1594 1426 1640; x_wconf 87' lang='lat' dir='ltr'>alas</span> 
     </span>
     <span class='ocr_line' id='line_1_22' title="bbox 329 1659 1759 1720; baseline 0.003 -16"><span class='ocrx_word' id='word_1_143' title='bbox 329 1659 459 1705; x_wconf 86' lang='lat' dir='ltr'>exuit</span> <span class='ocrx_word' id='word_1_144' title='bbox 485 1673 530 1705; x_wconf 90' lang='lat' dir='ltr'>et</span> <span class='ocrx_word' id='word_1_145' title='bbox 555 1676 707 1719; x_wconf 89' lang='lat' dir='ltr'>gressu</span> <span class='ocrx_word' id='word_1_146' title='bbox 733 1660 936 1720; x_wconf 90' lang='lat' dir='ltr'>gaudens</span> <span class='ocrx_word' id='word_1_147' title='bbox 963 1660 1141 1707; x_wconf 87' lang='lat' dir='ltr'>incedit</span> <span class='ocrx_word' id='word_1_148' title='bbox 1167 1661 1276 1707; x_wconf 92' lang='lat' dir='ltr'>Iuli.</span> <span class='ocrx_word' id='word_1_149' title='bbox 1698 1675 1759 1717; x_wconf 88' lang='lat'>690</span> 
     </span>
     <span class='ocr_line' id='line_1_23' title="bbox 328 1726 1624 1790; baseline 0.002 -19"><span class='ocrx_word' id='word_1_150' title='bbox 328 1740 373 1772; x_wconf 90' lang='lat' dir='ltr'>at</span> <span class='ocrx_word' id='word_1_151' title='bbox 398 1727 563 1772; x_wconf 90' lang='lat' dir='ltr'>Venus</span> <span class='ocrx_word' id='word_1_152' title='bbox 588 1727 791 1772; x_wconf 91' lang='lat' dir='ltr'>Ascanio</span> <span class='ocrx_word' id='word_1_153' title='bbox 815 1726 1047 1789; x_wconf 89' lang='lat' dir='ltr'>placidam</span> <span class='ocrx_word' id='word_1_154' title='bbox 1074 1744 1155 1788; x_wconf 88' lang='lat' dir='ltr'>per</span> <span class='ocrx_word' id='word_1_155' title='bbox 1180 1728 1389 1774; x_wconf 87' lang='lat' dir='ltr'>membra</span> <span class='ocrx_word' id='word_1_156' title='bbox 1415 1727 1624 1790; x_wconf 87' lang='lat' dir='ltr'>quietem</span> 
     </span>
     <span class='ocr_line' id='line_1_24' title="bbox 327 1792 1439 1853; baseline 0.002 -15"><span class='ocrx_word' id='word_1_157' title='bbox 327 1792 509 1852; x_wconf 90' lang='lat' dir='ltr'>inrigat,</span> <span class='ocrx_word' id='word_1_158' title='bbox 537 1806 583 1839; x_wconf 92' lang='lat' dir='ltr'>et</span> <span class='ocrx_word' id='word_1_159' title='bbox 608 1793 760 1839; x_wconf 89' lang='lat' dir='ltr'>fotum</span> <span class='ocrx_word' id='word_1_160' title='bbox 786 1793 961 1853; x_wconf 87' lang='lat' dir='ltr'>gremio</span> <span class='ocrx_word' id='word_1_161' title='bbox 987 1793 1072 1839; x_wconf 90' lang='lat' dir='ltr'>dea</span> <span class='ocrx_word' id='word_1_162' title='bbox 1098 1793 1223 1839; x_wconf 91' lang='lat' dir='ltr'>tollit</span> <span class='ocrx_word' id='word_1_163' title='bbox 1249 1794 1297 1840; x_wconf 90' lang='lat' dir='ltr'>in</span> <span class='ocrx_word' id='word_1_164' title='bbox 1325 1795 1439 1840; x_wconf 89' lang='lat' dir='ltr'>altos</span> 
     </span>
     <span class='ocr_line' id='line_1_25' title="bbox 327 1859 1379 1915; baseline 0.001 -10"><span class='ocrx_word' id='word_1_165' title='bbox 327 1859 502 1906; x_wconf 90' lang='lat' dir='ltr'>Idaliae</span> <span class='ocrx_word' id='word_1_166' title='bbox 528 1859 672 1915; x_wconf 90' lang='lat' dir='ltr'>lucos,</span> <span class='ocrx_word' id='word_1_167' title='bbox 700 1860 778 1906; x_wconf 88' lang='lat' dir='ltr'>ubi</span> <span class='ocrx_word' id='word_1_168' title='bbox 806 1860 958 1906; x_wconf 91' lang='lat' dir='ltr'>mollis</span> <span class='ocrx_word' id='word_1_169' title='bbox 984 1877 1218 1906; x_wconf 90' lang='lat' dir='ltr'>amaracus</span> <span class='ocrx_word' id='word_1_170' title='bbox 1243 1859 1379 1906; x_wconf 90' lang='lat' dir='ltr'>illum</span> 
     </span>
     <span class='ocr_line' id='line_1_26' title="bbox 327 1925 1566 1989; baseline 0 -16"><span class='ocrx_word' id='word_1_171' title='bbox 327 1925 517 1973; x_wconf 86' lang='lat' dir='ltr'>floribus</span> <span class='ocrx_word' id='word_1_172' title='bbox 542 1939 588 1972; x_wconf 91' lang='lat' dir='ltr'>et</span> <span class='ocrx_word' id='word_1_173' title='bbox 613 1926 741 1973; x_wconf 92' lang='lat' dir='ltr'>dulci</span> <span class='ocrx_word' id='word_1_174' title='bbox 767 1927 1001 1989; x_wconf 88' lang='lat' dir='ltr'>adspirans</span> <span class='ocrx_word' id='word_1_175' title='bbox 1028 1927 1361 1989; x_wconf 91' lang='lat' dir='ltr'>complectitur</span> <span class='ocrx_word' id='word_1_176' title='bbox 1388 1927 1566 1973; x_wconf 89' lang='lat' dir='ltr'>umbra.</span> 
     </span>
    </p>

    <p class='ocr_par' dir='ltr' id='par_1_3' title="bbox 325 1992 1757 2721">
     <span class='ocr_line' id='line_1_27' title="bbox 395 1992 1477 2056; baseline 0 -17"><span class='ocrx_word' id='word_1_177' title='bbox 395 1992 580 2056; x_wconf 88' lang='lat' dir='ltr'>iamque</span> <span class='ocrx_word' id='word_1_178' title='bbox 606 1992 700 2038; x_wconf 85' lang='lat' dir='ltr'>ibat</span> <span class='ocrx_word' id='word_1_179' title='bbox 725 1993 852 2040; x_wconf 87' lang='lat' dir='ltr'>dicto</span> <span class='ocrx_word' id='word_1_180' title='bbox 876 2010 1040 2056; x_wconf 90' lang='lat' dir='ltr'>parens</span> <span class='ocrx_word' id='word_1_181' title='bbox 1068 2007 1114 2040; x_wconf 87' lang='lat' dir='ltr'>et</span> <span class='ocrx_word' id='word_1_182' title='bbox 1139 1993 1260 2039; x_wconf 90' lang='lat' dir='ltr'>dona</span> <span class='ocrx_word' id='word_1_183' title='bbox 1289 1993 1477 2055; x_wconf 92' lang='lat' dir='ltr'>Cupido</span> 
     </span>
     <span class='ocr_line' id='line_1_28' title="bbox 326 2059 1409 2122; baseline 0.001 -17"><span class='ocrx_word' id='word_1_184' title='bbox 326 2059 449 2119; x_wconf 86' lang='lat' dir='ltr'>regia</span> <span class='ocrx_word' id='word_1_185' title='bbox 473 2059 683 2122; x_wconf 87' lang='lat' dir='ltr'>portabat</span> <span class='ocrx_word' id='word_1_186' title='bbox 709 2060 866 2121; x_wconf 91' lang='lat' dir='ltr'>Tyriis</span> <span class='ocrx_word' id='word_1_187' title='bbox 891 2060 1012 2107; x_wconf 89' lang='lat' dir='ltr'>duce</span> <span class='ocrx_word' id='word_1_188' title='bbox 1038 2060 1186 2106; x_wconf 88' lang='lat' dir='ltr'>laetus</span> <span class='ocrx_word' id='word_1_189' title='bbox 1211 2061 1409 2106; x_wconf 89' lang='lat' dir='ltr'>Achate.</span> 
     </span>
     <span class='ocr_line' id='line_1_29' title="bbox 327 2126 1410 2188; baseline 0 -16"><span class='ocrx_word' id='word_1_190' title='bbox 327 2143 437 2172; x_wconf 91' lang='lat' dir='ltr'>cum</span> <span class='ocrx_word' id='word_1_191' title='bbox 466 2126 612 2183; x_wconf 90' lang='lat' dir='ltr'>venit,</span> <span class='ocrx_word' id='word_1_192' title='bbox 637 2126 805 2173; x_wconf 87' lang='lat' dir='ltr'>aulaeis</span> <span class='ocrx_word' id='word_1_193' title='bbox 831 2126 922 2173; x_wconf 92' lang='lat' dir='ltr'>iam</span> <span class='ocrx_word' id='word_1_194' title='bbox 948 2143 993 2173; x_wconf 91' lang='lat' dir='ltr'>se</span> <span class='ocrx_word' id='word_1_195' title='bbox 1019 2126 1176 2187; x_wconf 89' lang='lat' dir='ltr'>regina</span> <span class='ocrx_word' id='word_1_196' title='bbox 1202 2126 1410 2188; x_wconf 88' lang='lat' dir='ltr'>superbis</span> 
     </span>
     <span class='ocr_line' id='line_1_30' title="bbox 327 2191 1507 2256; baseline 0 -17"><span class='ocrx_word' id='word_1_197' title='bbox 327 2210 462 2239; x_wconf 90' lang='lat' dir='ltr'>aurea</span> <span class='ocrx_word' id='word_1_198' title='bbox 487 2194 749 2255; x_wconf 90' lang='lat' dir='ltr'>composuit</span> <span class='ocrx_word' id='word_1_199' title='bbox 774 2193 949 2256; x_wconf 89' lang='lat' dir='ltr'>sponda</span> <span class='ocrx_word' id='word_1_200' title='bbox 976 2193 1272 2256; x_wconf 90' lang='lat' dir='ltr'>mediamque</span> <span class='ocrx_word' id='word_1_201' title='bbox 1299 2191 1472 2239; x_wconf 79' lang='lat' dir='ltr'>locavit</span> <span class='ocrx_word' id='word_1_202' title='bbox 1493 2211 1507 2247; x_wconf 94' lang='lat'>;</span> 
     </span>
     <span class='ocr_line' id='line_1_31' title="bbox 327 2259 1451 2320; baseline -0.001 -15"><span class='ocrx_word' id='word_1_203' title='bbox 327 2259 419 2305; x_wconf 88' lang='lat' dir='ltr'>iam</span> <span class='ocrx_word' id='word_1_204' title='bbox 445 2273 573 2320; x_wconf 90' lang='lat' dir='ltr'>pater</span> <span class='ocrx_word' id='word_1_205' title='bbox 598 2261 780 2306; x_wconf 89' lang='lat' dir='ltr'>Aeneas</span> <span class='ocrx_word' id='word_1_206' title='bbox 807 2274 853 2306; x_wconf 88' lang='lat' dir='ltr'>et</span> <span class='ocrx_word' id='word_1_207' title='bbox 879 2260 970 2306; x_wconf 93' lang='lat' dir='ltr'>iam</span> <span class='ocrx_word' id='word_1_208' title='bbox 1000 2260 1208 2306; x_wconf 92' lang='lat' dir='ltr'>Troiana</span> <span class='ocrx_word' id='word_1_209' title='bbox 1233 2260 1451 2306; x_wconf 87' lang='lat' dir='ltr'>iuventus</span> 
     </span>
     <span class='ocr_line' id='line_1_32' title="bbox 327 2325 1757 2390; baseline -0.002 -18"><span class='ocrx_word' id='word_1_210' title='bbox 327 2326 635 2381; x_wconf 89' lang='lat' dir='ltr'>conveniunt,</span> <span class='ocrx_word' id='word_1_211' title='bbox 663 2340 894 2390; x_wconf 90' lang='lat' dir='ltr'>stratoque</span> <span class='ocrx_word' id='word_1_212' title='bbox 923 2344 1060 2388; x_wconf 91' lang='lat' dir='ltr'>super</span> <span class='ocrx_word' id='word_1_213' title='bbox 1086 2325 1397 2372; x_wconf 90' lang='lat' dir='ltr'>discumbitur</span> <span class='ocrx_word' id='word_1_214' title='bbox 1421 2337 1557 2370; x_wconf 89' lang='lat' dir='ltr'>ostro.</span> <span class='ocrx_word' id='word_1_215' title='bbox 1694 2350 1757 2379; x_wconf 89' lang='lat'>700</span> 
     </span>
     <span class='ocr_line' id='line_1_33' title="bbox 325 2390 1703 2455; baseline -0.001 -17"><span class='ocrx_word' id='word_1_216' title='bbox 325 2393 438 2438; x_wconf 90' lang='lat' dir='ltr'>dant</span> <span class='ocrx_word' id='word_1_217' title='bbox 463 2392 677 2438; x_wconf 88' lang='lat' dir='ltr'>manibus</span> <span class='ocrx_word' id='word_1_218' title='bbox 703 2393 866 2439; x_wconf 90' lang='lat' dir='ltr'>famuli</span> <span class='ocrx_word' id='word_1_219' title='bbox 893 2394 1121 2455; x_wconf 87' lang='lat' dir='ltr'>lymphas,</span> <span class='ocrx_word' id='word_1_220' title='bbox 1150 2391 1467 2454; x_wconf 89' lang='lat' dir='ltr'>Cereremque</span> <span class='ocrx_word' id='word_1_221' title='bbox 1493 2390 1703 2437; x_wconf 88' lang='lat' dir='ltr'>canistris</span> 
     </span>
     <span class='ocr_line' id='line_1_34' title="bbox 327 2457 1457 2522; baseline 0 -18"><span class='ocrx_word' id='word_1_222' title='bbox 327 2459 598 2521; x_wconf 87' lang='lat' dir='ltr'>expediunt,</span> <span class='ocrx_word' id='word_1_223' title='bbox 626 2459 862 2522; x_wconf 88' lang='lat' dir='ltr'>tonsisque</span> <span class='ocrx_word' id='word_1_224' title='bbox 889 2459 1047 2505; x_wconf 91' lang='lat' dir='ltr'>ferunt</span> <span class='ocrx_word' id='word_1_225' title='bbox 1073 2458 1295 2504; x_wconf 90' lang='lat' dir='ltr'>mantelia</span> <span class='ocrx_word' id='word_1_226' title='bbox 1320 2457 1457 2504; x_wconf 90' lang='lat' dir='ltr'>villis.</span> 
     </span>
     <span class='ocr_line' id='line_1_35' title="bbox 327 2523 1654 2589; baseline -0.001 -18"><span class='ocrx_word' id='word_1_227' title='bbox 327 2525 665 2589; x_wconf 88' lang='lat' dir='ltr'>quinquaginta</span> <span class='ocrx_word' id='word_1_228' title='bbox 690 2525 815 2572; x_wconf 90' lang='lat' dir='ltr'>intus</span> <span class='ocrx_word' id='word_1_229' title='bbox 841 2525 1057 2580; x_wconf 89' lang='lat' dir='ltr'>famulae,</span> <span class='ocrx_word' id='word_1_230' title='bbox 1085 2525 1254 2588; x_wconf 88' lang='lat' dir='ltr'>quibus</span> <span class='ocrx_word' id='word_1_231' title='bbox 1279 2523 1439 2570; x_wconf 90' lang='lat' dir='ltr'>ordine</span> <span class='ocrx_word' id='word_1_232' title='bbox 1468 2524 1654 2583; x_wconf 91' lang='lat' dir='ltr'>longam</span> 
     </span>
     <span class='ocr_line' id='line_1_36' title="bbox 326 2590 1599 2654; baseline -0.002 -16"><span class='ocrx_word' id='word_1_233' title='bbox 326 2609 436 2638; x_wconf 90' lang='lat' dir='ltr'>cura</span> <span class='ocrx_word' id='word_1_234' title='bbox 460 2609 637 2654; x_wconf 91' lang='lat' dir='ltr'>penum</span> <span class='ocrx_word' id='word_1_235' title='bbox 663 2606 836 2638; x_wconf 91' lang='lat' dir='ltr'>struere</span> <span class='ocrx_word' id='word_1_236' title='bbox 863 2605 909 2638; x_wconf 92' lang='lat' dir='ltr'>et</span> <span class='ocrx_word' id='word_1_237' title='bbox 934 2590 1133 2637; x_wconf 89' lang='lat' dir='ltr'>flammis</span> <span class='ocrx_word' id='word_1_238' title='bbox 1158 2591 1340 2637; x_wconf 91' lang='lat' dir='ltr'>adolere</span> <span class='ocrx_word' id='word_1_239' title='bbox 1369 2591 1562 2636; x_wconf 89' lang='lat' dir='ltr'>Penates</span> <span class='ocrx_word' id='word_1_240' title='bbox 1583 2610 1599 2646; x_wconf 91' lang='lat'>;</span> 
     </span>
     <span class='ocr_line' id='line_1_37' title="bbox 325 2656 1544 2721; baseline -0.003 -16"><span class='ocrx_word' id='word_1_241' title='bbox 325 2672 521 2706; x_wconf 90' lang='lat' dir='ltr'>centum</span> <span class='ocrx_word' id='word_1_242' title='bbox 547 2659 660 2705; x_wconf 90' lang='lat' dir='ltr'>aliae</span> <span class='ocrx_word' id='word_1_243' title='bbox 686 2658 975 2721; x_wconf 90' lang='lat' dir='ltr'>totidemque</span> <span class='ocrx_word' id='word_1_244' title='bbox 1000 2674 1130 2720; x_wconf 92' lang='lat' dir='ltr'>pares</span> <span class='ocrx_word' id='word_1_245' title='bbox 1154 2671 1301 2703; x_wconf 89' lang='lat' dir='ltr'>aetate</span> <span class='ocrx_word' id='word_1_246' title='bbox 1327 2656 1544 2713; x_wconf 89' lang='lat' dir='ltr'>ministri,</span> 
     </span>
    </p>

    <p class='ocr_par' dir='ltr' id='par_1_4' title="bbox 589 2735 1441 2785">
     <span class='ocr_line' id='line_1_38' title="bbox 589 2735 1441 2785; baseline -0.001 -11"><span class='ocrx_word' id='word_1_247' title='bbox 589 2736 666 2785; x_wconf 85' lang='lat'>670</span> <span class='ocrx_word' id='word_1_248' title='bbox 694 2735 812 2774; x_wconf 91' lang='lat' dir='ltr'>hunc.</span> <span class='ocrx_word' id='word_1_249' title='bbox 869 2748 941 2784; x_wconf 92' lang='lat'>701</span> <span class='ocrx_word' id='word_1_250' title='bbox 975 2736 1152 2773; x_wconf 85' lang='lat' dir='ltr'>famulae.</span> <span class='ocrx_word' id='word_1_251' title='bbox 1209 2746 1283 2783; x_wconf 88' lang='lat'>703</span> <span class='ocrx_word' id='word_1_252' title='bbox 1316 2736 1441 2782; x_wconf 88' lang='lat' dir='ltr'>longo.</span> 
     </span>
    </p>
   </div>
  </div>
 </body>
</html>
