<?xml version="1.0" encoding="UTF-8"?>
<!DOCTYPE html PUBLIC "-//W3C//DTD XHTML 1.0 Transitional//EN"
    "http://www.w3.org/TR/xhtml1/DTD/xhtml1-transitional.dtd">
<html xmlns="http://www.w3.org/1999/xhtml" xml:lang="en" lang="en">
 <head>
  <title>
</title>
<meta http-equiv="Content-Type" content="text/html;charset=utf-8" />
  <meta name='ocr-system' content='tesseract 3.04.00' />
  <meta name='ocr-capabilities' content='ocr_page ocr_carea ocr_par ocr_line ocrx_word'/>
</head>
<body>
  <div class='ocr_page' id='page_1' title='image "./operabucolicageo00virguoft_0388.png"; bbox 0 0 1866 3208; ppageno 0'>
   <div class='ocr_carea' id='block_1_1' title="bbox 269 236 1312 291">
    <p class='ocr_par' dir='ltr' id='par_1_1' title="bbox 269 236 1312 291">
     <span class='ocr_line' id='line_1_1' title="bbox 269 236 1312 291; baseline -0.002 -15"><span class='ocrx_word' id='word_1_1' title='bbox 269 250 345 291; x_wconf 84' lang='lat'>354</span> <span class='ocrx_word' id='word_1_2' title='bbox 718 239 761 277; x_wconf 90' lang='lat' dir='ltr'>P.</span> <span class='ocrx_word' id='word_1_3' title='bbox 791 236 1025 276; x_wconf 90' lang='lat' dir='ltr'>VERGILI</span> <span class='ocrx_word' id='word_1_4' title='bbox 1055 237 1312 275; x_wconf 91' lang='lat' dir='ltr'><strong>MARONIS</strong></span> 
     </span>
    </p>
   </div>
   <div class='ocr_carea' id='block_1_2' title="bbox 333 342 1770 2733">
    <p class='ocr_par' dir='ltr' id='par_1_2' title="bbox 333 342 1534 538">
     <span class='ocr_line' id='line_1_2' title="bbox 334 342 1534 403; baseline -0.005 -10"><span class='ocrx_word' id='word_1_5' title='bbox 334 358 438 393; x_wconf 91' lang='lat' dir='ltr'>turn</span> <span class='ocrx_word' id='word_1_6' title='bbox 464 344 620 392; x_wconf 87' lang='lat' dir='ltr'>studio</span> <span class='ocrx_word' id='word_1_7' title='bbox 647 343 818 390; x_wconf 87' lang='lat' dir='ltr'>effusae</span> <span class='ocrx_word' id='word_1_8' title='bbox 845 356 1013 389; x_wconf 90' lang='lat' dir='ltr'>matres</span> <span class='ocrx_word' id='word_1_9' title='bbox 1039 356 1084 389; x_wconf 92' lang='lat' dir='ltr'>et</span> <span class='ocrx_word' id='word_1_10' title='bbox 1107 343 1274 403; x_wconf 86' lang='lat' dir='ltr'>vulgus</span> <span class='ocrx_word' id='word_1_11' title='bbox 1298 342 1534 388; x_wconf 88' lang='lat' dir='ltr'>inermum</span> 
     </span>
     <span class='ocr_line' id='line_1_3' title="bbox 333 409 1464 473; baseline -0.004 -15"><span class='ocrx_word' id='word_1_12' title='bbox 333 412 627 473; x_wconf 88' lang='lat' dir='ltr'>invalidique</span> <span class='ocrx_word' id='word_1_13' title='bbox 654 425 787 456; x_wconf 90' lang='lat' dir='ltr'>senes</span> <span class='ocrx_word' id='word_1_14' title='bbox 814 422 962 455; x_wconf 89' lang='lat' dir='ltr'>turres</span> <span class='ocrx_word' id='word_1_15' title='bbox 987 425 1040 456; x_wconf 89' lang='lat' dir='ltr'>ac</span> <span class='ocrx_word' id='word_1_16' title='bbox 1067 422 1191 456; x_wconf 91' lang='lat' dir='ltr'>tecta</span> <span class='ocrx_word' id='word_1_17' title='bbox 1217 409 1464 454; x_wconf 91' lang='lat' dir='ltr'>domorum</span> 
     </span>
     <span class='ocr_line' id='line_1_4' title="bbox 334 475 1418 538; baseline -0.005 -12"><span class='ocrx_word' id='word_1_18' title='bbox 334 478 559 526; x_wconf 88' lang='lat' dir='ltr'>obsedere</span> <span class='ocrx_word' id='word_1_19' title='bbox 582 497 595 533; x_wconf 82' lang='lat'><em>3</em></span> <span class='ocrx_word' id='word_1_20' title='bbox 632 475 712 522; x_wconf 89' lang='lat' dir='ltr'>alii</span> <span class='ocrx_word' id='word_1_21' title='bbox 738 475 883 538; x_wconf 91' lang='lat' dir='ltr'>portis</span> <span class='ocrx_word' id='word_1_22' title='bbox 911 476 1190 522; x_wconf 84' lang='lat' dir='ltr'>sublimibus</span> <span class='ocrx_word' id='word_1_23' title='bbox 1217 475 1418 522; x_wconf 86' lang='lat' dir='ltr'>adstant.</span> 
     </span>
    </p>

    <p class='ocr_par' dir='ltr' id='par_1_3' title="bbox 333 540 1770 2320">
     <span class='ocr_line' id='line_1_5' title="bbox 401 540 1688 605; baseline -0.003 -15"><span class='ocrx_word' id='word_1_24' title='bbox 401 558 447 590; x_wconf 93' lang='lat' dir='ltr'>at</span> <span class='ocrx_word' id='word_1_25' title='bbox 473 545 597 590; x_wconf 92' lang='lat' dir='ltr'>Iuno</span> <span class='ocrx_word' id='word_1_26' title='bbox 624 559 649 589; x_wconf 89' lang='lat' dir='ltr'>e</span> <span class='ocrx_word' id='word_1_27' title='bbox 675 559 876 600; x_wconf 89' lang='lat' dir='ltr'>summo,</span> <span class='ocrx_word' id='word_1_28' title='bbox 904 542 984 605; x_wconf 91' lang='lat' dir='ltr'>qui</span> <span class='ocrx_word' id='word_1_29' title='bbox 1012 545 1141 588; x_wconf 90' lang='lat' dir='ltr'>nunc</span> <span class='ocrx_word' id='word_1_30' title='bbox 1167 542 1378 588; x_wconf 90' lang='lat' dir='ltr'>Albanus</span> <span class='ocrx_word' id='word_1_31' title='bbox 1405 540 1688 598; x_wconf 88' lang='lat' dir='ltr'>habetur,—</span> 
     </span>
     <span class='ocr_line' id='line_1_6' title="bbox 335 607 1748 672; baseline -0.004 -15"><span class='ocrx_word' id='word_1_32' title='bbox 335 625 437 658; x_wconf 90' lang='lat' dir='ltr'>tum</span> <span class='ocrx_word' id='word_1_33' title='bbox 464 626 619 672; x_wconf 91' lang='lat' dir='ltr'>neque</span> <span class='ocrx_word' id='word_1_34' title='bbox 646 626 821 655; x_wconf 88' lang='lat' dir='ltr'>nomen</span> <span class='ocrx_word' id='word_1_35' title='bbox 850 622 946 655; x_wconf 90' lang='lat' dir='ltr'>erat</span> <span class='ocrx_word' id='word_1_36' title='bbox 973 625 1060 655; x_wconf 93' lang='lat' dir='ltr'>nec</span> <span class='ocrx_word' id='word_1_37' title='bbox 1085 611 1232 655; x_wconf 91' lang='lat' dir='ltr'>honos</span> <span class='ocrx_word' id='word_1_38' title='bbox 1258 620 1337 653; x_wconf 92' lang='lat' dir='ltr'>aut</span> <span class='ocrx_word' id='word_1_39' title='bbox 1362 607 1506 668; x_wconf 90' lang='lat' dir='ltr'>gloria</span> <span class='ocrx_word' id='word_1_40' title='bbox 1526 607 1748 653; x_wconf 89' lang='lat' dir='ltr'>monti—-</span> 
     </span>
     <span class='ocr_line' id='line_1_7' title="bbox 333 674 1636 739; baseline -0.003 -16"><span class='ocrx_word' id='word_1_41' title='bbox 333 676 625 739; x_wconf 82' lang='lat' dir='ltr'>prospiciens</span> <span class='ocrx_word' id='word_1_42' title='bbox 652 676 840 721; x_wconf 90' lang='lat' dir='ltr'>tumulo</span> <span class='ocrx_word' id='word_1_43' title='bbox 868 692 1091 737; x_wconf 91' lang='lat' dir='ltr'>campum</span> <span class='ocrx_word' id='word_1_44' title='bbox 1116 674 1382 736; x_wconf 86' lang='lat' dir='ltr'>aspectabat</span> <span class='ocrx_word' id='word_1_45' title='bbox 1409 686 1455 720; x_wconf 89' lang='lat' dir='ltr'>et</span> <span class='ocrx_word' id='word_1_46' title='bbox 1481 674 1636 719; x_wconf 89' lang='lat' dir='ltr'>ambas</span> 
     </span>
     <span class='ocr_line' id='line_1_8' title="bbox 333 740 1577 804; baseline -0.003 -15"><span class='ocrx_word' id='word_1_47' title='bbox 333 744 629 789; x_wconf 87' lang='lat' dir='ltr'>Laurentum</span> <span class='ocrx_word' id='word_1_48' title='bbox 657 742 939 804; x_wconf 85' lang='lat' dir='ltr'>Troumque</span> <span class='ocrx_word' id='word_1_49' title='bbox 967 742 1088 788; x_wconf 87' lang='lat' dir='ltr'>acies</span> <span class='ocrx_word' id='word_1_50' title='bbox 1114 742 1375 803; x_wconf 90' lang='lat' dir='ltr'>urbemque</span> <span class='ocrx_word' id='word_1_51' title='bbox 1402 740 1577 786; x_wconf 87' lang='lat' dir='ltr'>Latini.</span> 
     </span>
     <span class='ocr_line' id='line_1_9' title="bbox 335 808 1373 871; baseline -0.004 -15"><span class='ocrx_word' id='word_1_52' title='bbox 335 809 576 871; x_wconf 87' lang='lat' dir='ltr'>extemplo</span> <span class='ocrx_word' id='word_1_53' title='bbox 603 808 760 854; x_wconf 90' lang='lat' dir='ltr'>Turni</span> <span class='ocrx_word' id='word_1_54' title='bbox 788 808 852 854; x_wconf 92' lang='lat' dir='ltr'>sic</span> <span class='ocrx_word' id='word_1_55' title='bbox 881 821 948 854; x_wconf 88' lang='lat' dir='ltr'>est</span> <span class='ocrx_word' id='word_1_56' title='bbox 975 809 1125 855; x_wconf 90' lang='lat' dir='ltr'>adfata</span> <span class='ocrx_word' id='word_1_57' title='bbox 1151 824 1373 863; x_wconf 87' lang='lat' dir='ltr'>sororem,</span> 
     </span>
     <span class='ocr_line' id='line_1_10' title="bbox 335 871 1563 937; baseline -0.002 -16"><span class='ocrx_word' id='word_1_58' title='bbox 335 876 438 922; x_wconf 84' lang='lat' dir='ltr'>diva</span> <span class='ocrx_word' id='word_1_59' title='bbox 465 876 618 932; x_wconf 89' lang='lat' dir='ltr'>deam,</span> <span class='ocrx_word' id='word_1_60' title='bbox 644 875 816 935; x_wconf 84' lang='lat' dir='ltr'>stagnis</span> <span class='ocrx_word' id='word_1_61' title='bbox 844 892 963 937; x_wconf 92' lang='lat' dir='ltr'>quae</span> <span class='ocrx_word' id='word_1_62' title='bbox 991 874 1362 936; x_wconf 87' lang='lat' dir='ltr'>fluminibusque</span> <span class='ocrx_word' id='word_1_63' title='bbox 1389 871 1563 919; x_wconf 88' lang='lat' dir='ltr'>sonoris</span> 
     </span>
     <span class='ocr_line' id='line_1_11' title="bbox 334 941 1762 1005; baseline -0.004 -17"><span class='ocrx_word' id='word_1_64' title='bbox 334 942 602 1005; x_wconf 82' lang='lat' dir='ltr'>praesidet3</span> <span class='ocrx_word' id='word_1_65' title='bbox 638 943 767 988; x_wconf 90' lang='lat' dir='ltr'>hunc</span> <span class='ocrx_word' id='word_1_66' title='bbox 795 941 866 987; x_wconf 88' lang='lat' dir='ltr'>illi</span> <span class='ocrx_word' id='word_1_67' title='bbox 896 958 976 987; x_wconf 86' lang='lat' dir='ltr'>rex</span> <span class='ocrx_word' id='word_1_68' title='bbox 1005 941 1203 988; x_wconf 88' lang='lat' dir='ltr'>aetheris</span> <span class='ocrx_word' id='word_1_69' title='bbox 1231 942 1349 987; x_wconf 91' lang='lat' dir='ltr'>altus</span> <span class='ocrx_word' id='word_1_70' title='bbox 1376 941 1605 986; x_wconf 90' lang='lat' dir='ltr'>honorem</span> <span class='ocrx_word' id='word_1_71' title='bbox 1704 963 1762 991; x_wconf 85' lang='lat'>140</span> 
     </span>
     <span class='ocr_line' id='line_1_12' title="bbox 336 1007 1395 1071; baseline -0.001 -17"><span class='ocrx_word' id='word_1_72' title='bbox 336 1009 552 1071; x_wconf 89' lang='lat' dir='ltr'>Iuppiter</span> <span class='ocrx_word' id='word_1_73' title='bbox 579 1021 736 1070; x_wconf 90' lang='lat' dir='ltr'>erepta</span> <span class='ocrx_word' id='word_1_74' title='bbox 762 1025 845 1070; x_wconf 91' lang='lat' dir='ltr'>pro</span> <span class='ocrx_word' id='word_1_75' title='bbox 871 1008 1141 1068; x_wconf 85' lang='lat' dir='ltr'>virginitate</span> <span class='ocrx_word' id='word_1_76' title='bbox 1168 1007 1360 1054; x_wconf 87' lang='lat' dir='ltr'>sacravit</span> <span class='ocrx_word' id='word_1_77' title='bbox 1386 1025 1395 1053; x_wconf 75' lang='grc' dir='ltr'>ε</span> 
     </span>
     <span class='ocr_line' id='line_1_13' title="bbox 336 1073 1715 1137; baseline -0.004 -15"><span class='ocrx_word' id='word_1_78' title='bbox 336 1075 578 1137; x_wconf 86' lang='lat' dir='ltr'>Nympha,</span> <span class='ocrx_word' id='word_1_79' title='bbox 606 1075 750 1121; x_wconf 90' lang='lat' dir='ltr'>decus</span> <span class='ocrx_word' id='word_1_80' title='bbox 777 1073 1048 1132; x_wconf 88' lang='lat' dir='ltr'>fluviorum,</span> <span class='ocrx_word' id='word_1_81' title='bbox 1076 1074 1234 1120; x_wconf 89' lang='lat' dir='ltr'>animo</span> <span class='ocrx_word' id='word_1_82' title='bbox 1259 1073 1515 1134; x_wconf 88' lang='lat' dir='ltr'>gratissima</span> <span class='ocrx_word' id='word_1_83' title='bbox 1543 1084 1715 1127; x_wconf 85' lang='lat' dir='ltr'>nostro,</span> 
     </span>
     <span class='ocr_line' id='line_1_14' title="bbox 337 1139 1571 1204; baseline -0.003 -16"><span class='ocrx_word' id='word_1_84' title='bbox 337 1142 440 1199; x_wconf 89' lang='lat' dir='ltr'>scis,</span> <span class='ocrx_word' id='word_1_85' title='bbox 467 1155 519 1187; x_wconf 90' lang='lat' dir='ltr'>ut</span> <span class='ocrx_word' id='word_1_86' title='bbox 545 1155 590 1188; x_wconf 89' lang='lat' dir='ltr'>te</span> <span class='ocrx_word' id='word_1_87' title='bbox 616 1141 803 1187; x_wconf 87' lang='lat' dir='ltr'>cunctis</span> <span class='ocrx_word' id='word_1_88' title='bbox 832 1158 992 1197; x_wconf 89' lang='lat' dir='ltr'>unam,</span> <span class='ocrx_word' id='word_1_89' title='bbox 1019 1157 1346 1204; x_wconf 89' lang='lat' dir='ltr'>quaecumque</span> <span class='ocrx_word' id='word_1_90' title='bbox 1374 1139 1571 1186; x_wconf 90' lang='lat' dir='ltr'>Latinae</span> 
     </span>
     <span class='ocr_line' id='line_1_15' title="bbox 337 1206 1516 1269; baseline -0.003 -15"><span class='ocrx_word' id='word_1_91' title='bbox 337 1208 624 1269; x_wconf 88' lang='lat' dir='ltr'>magnanimi</span> <span class='ocrx_word' id='word_1_92' title='bbox 653 1208 774 1254; x_wconf 90' lang='lat' dir='ltr'>Iovis</span> <span class='ocrx_word' id='word_1_93' title='bbox 801 1208 1041 1268; x_wconf 89' lang='lat' dir='ltr'>ingratum</span> <span class='ocrx_word' id='word_1_94' title='bbox 1069 1207 1316 1254; x_wconf 91' lang='lat' dir='ltr'>ascendere</span> <span class='ocrx_word' id='word_1_95' title='bbox 1344 1206 1516 1260; x_wconf 89' lang='lat' dir='ltr'>cubile,</span> 
     </span>
     <span class='ocr_line' id='line_1_16' title="bbox 338 1272 1565 1337; baseline -0.003 -16"><span class='ocrx_word' id='word_1_96' title='bbox 338 1275 654 1337; x_wconf 87' lang='lat' dir='ltr'>praetulerim,</span> <span class='ocrx_word' id='word_1_97' title='bbox 683 1274 899 1337; x_wconf 90' lang='lat' dir='ltr'>caelique</span> <span class='ocrx_word' id='word_1_98' title='bbox 927 1274 1080 1320; x_wconf 91' lang='lat' dir='ltr'>libens</span> <span class='ocrx_word' id='word_1_99' title='bbox 1107 1274 1156 1319; x_wconf 91' lang='lat' dir='ltr'>in</span> <span class='ocrx_word' id='word_1_100' title='bbox 1183 1285 1311 1335; x_wconf 91' lang='lat' dir='ltr'>parte</span> <span class='ocrx_word' id='word_1_101' title='bbox 1338 1272 1530 1318; x_wconf 91' lang='lat' dir='ltr'>locarim</span> <span class='ocrx_word' id='word_1_102' title='bbox 1556 1290 1565 1317; x_wconf 92' lang='lat'><strong>:</strong></span> 
     </span>
     <span class='ocr_line' id='line_1_17' title="bbox 338 1339 1563 1399; baseline -0.003 -11"><span class='ocrx_word' id='word_1_103' title='bbox 338 1342 465 1388; x_wconf 90' lang='lat' dir='ltr'>disce</span> <span class='ocrx_word' id='word_1_104' title='bbox 493 1354 645 1399; x_wconf 87' lang='lat' dir='ltr'>tuum,</span> <span class='ocrx_word' id='word_1_105' title='bbox 672 1358 731 1388; x_wconf 90' lang='lat' dir='ltr'>ne</span> <span class='ocrx_word' id='word_1_106' title='bbox 757 1358 832 1387; x_wconf 90' lang='lat' dir='ltr'>me</span> <span class='ocrx_word' id='word_1_107' title='bbox 860 1341 1064 1398; x_wconf 85' lang='lat' dir='ltr'>incuses,</span> <span class='ocrx_word' id='word_1_108' title='bbox 1092 1342 1310 1396; x_wconf 90' lang='lat' dir='ltr'>Iuturna,</span> <span class='ocrx_word' id='word_1_109' title='bbox 1335 1339 1563 1385; x_wconf 89' lang='lat' dir='ltr'>dolorem.</span> 
     </span>
     <span class='ocr_line' id='line_1_18' title="bbox 339 1405 1521 1471; baseline -0.003 -17"><span class='ocrx_word' id='word_1_110' title='bbox 339 1426 429 1471; x_wconf 92' lang='lat' dir='ltr'>qua</span> <span class='ocrx_word' id='word_1_111' title='bbox 453 1408 549 1454; x_wconf 90' lang='lat' dir='ltr'>visa</span> <span class='ocrx_word' id='word_1_112' title='bbox 576 1421 643 1454; x_wconf 90' lang='lat' dir='ltr'>est</span> <span class='ocrx_word' id='word_1_113' title='bbox 670 1409 857 1454; x_wconf 91' lang='lat' dir='ltr'>fortuna</span> <span class='ocrx_word' id='word_1_114' title='bbox 884 1408 982 1470; x_wconf 90' lang='lat' dir='ltr'>pati</span> <span class='ocrx_word' id='word_1_115' title='bbox 1014 1408 1278 1469; x_wconf 87' lang='lat' dir='ltr'>Parcaeque</span> <span class='ocrx_word' id='word_1_116' title='bbox 1304 1405 1521 1452; x_wconf 89' lang='lat' dir='ltr'>sinebant</span> 
     </span>
     <span class='ocr_line' id='line_1_19' title="bbox 339 1472 1582 1531; baseline -0.004 -10"><span class='ocrx_word' id='word_1_117' title='bbox 339 1476 503 1522; x_wconf 90' lang='lat' dir='ltr'>cedere</span> <span class='ocrx_word' id='word_1_118' title='bbox 530 1492 599 1521; x_wconf 90' lang='lat' dir='ltr'>res</span> <span class='ocrx_word' id='word_1_119' title='bbox 625 1475 779 1531; x_wconf 92' lang='lat' dir='ltr'>Latio,</span> <span class='ocrx_word' id='word_1_120' title='bbox 807 1474 1033 1520; x_wconf 91' lang='lat' dir='ltr'>Turnum</span> <span class='ocrx_word' id='word_1_121' title='bbox 1061 1487 1107 1520; x_wconf 88' lang='lat' dir='ltr'>et</span> <span class='ocrx_word' id='word_1_122' title='bbox 1135 1487 1214 1520; x_wconf 92' lang='lat' dir='ltr'>tua</span> <span class='ocrx_word' id='word_1_123' title='bbox 1239 1472 1426 1519; x_wconf 90' lang='lat' dir='ltr'>moenia</span> <span class='ocrx_word' id='word_1_124' title='bbox 1451 1472 1546 1518; x_wconf 84' lang='lat' dir='ltr'>texi</span> <span class='ocrx_word' id='word_1_125' title='bbox 1572 1489 1582 1517; x_wconf 75' lang='grc' dir='ltr'>ε</span> 
     </span>
     <span class='ocr_line' id='line_1_20' title="bbox 341 1537 1607 1602; baseline -0.004 -14"><span class='ocrx_word' id='word_1_126' title='bbox 341 1559 468 1588; x_wconf 92' lang='lat' dir='ltr'>nunc</span> <span class='ocrx_word' id='word_1_127' title='bbox 497 1542 717 1588; x_wconf 89' lang='lat' dir='ltr'>iuvenem</span> <span class='ocrx_word' id='word_1_128' title='bbox 743 1541 984 1602; x_wconf 88' lang='lat' dir='ltr'>inparibus</span> <span class='ocrx_word' id='word_1_129' title='bbox 1012 1541 1150 1587; x_wconf 83' lang='lat' dir='ltr'>video</span> <span class='ocrx_word' id='word_1_130' title='bbox 1179 1555 1462 1586; x_wconf 89' lang='lat' dir='ltr'>concurrere</span> <span class='ocrx_word' id='word_1_131' title='bbox 1488 1537 1607 1592; x_wconf 86' lang='lat' dir='ltr'>fatis,</span> 
     </span>
     <span class='ocr_line' id='line_1_21' title="bbox 343 1606 1766 1671; baseline -0.006 -16"><span class='ocrx_word' id='word_1_132' title='bbox 343 1610 689 1671; x_wconf 91' lang='lat' dir='ltr'>Parcarumque</span> <span class='ocrx_word' id='word_1_133' title='bbox 715 1608 814 1654; x_wconf 90' lang='lat' dir='ltr'>dies</span> <span class='ocrx_word' id='word_1_134' title='bbox 842 1621 888 1654; x_wconf 90' lang='lat' dir='ltr'>et</span> <span class='ocrx_word' id='word_1_135' title='bbox 914 1608 980 1653; x_wconf 90' lang='lat' dir='ltr'>vis</span> <span class='ocrx_word' id='word_1_136' title='bbox 1008 1607 1201 1653; x_wconf 89' lang='lat' dir='ltr'>inimica</span> <span class='ocrx_word' id='word_1_137' title='bbox 1226 1606 1531 1668; x_wconf 89' lang='lat' dir='ltr'>propinquat.</span> <span class='ocrx_word' id='word_1_138' title='bbox 1708 1626 1766 1655; x_wconf 82' lang='lat'>150</span> 
     </span>
     <span class='ocr_line' id='line_1_22' title="bbox 342 1672 1764 1737; baseline -0.004 -16"><span class='ocrx_word' id='word_1_139' title='bbox 342 1693 436 1721; x_wconf 92' lang='lat' dir='ltr'>non</span> <span class='ocrx_word' id='word_1_140' title='bbox 457 1691 663 1737; x_wconf 90' lang='lat' dir='ltr'>pugnam</span> <span class='ocrx_word' id='word_1_141' title='bbox 681 1674 886 1736; x_wconf 87' lang='lat' dir='ltr'>aspicere</span> <span class='ocrx_word' id='word_1_142' title='bbox 908 1676 1031 1720; x_wconf 88' lang='lat' dir='ltr'>hanc</span> <span class='ocrx_word' id='word_1_143' title='bbox 1054 1674 1221 1729; x_wconf 89' lang='lat' dir='ltr'>oculis,</span> <span class='ocrx_word' id='word_1_144' title='bbox 1239 1690 1334 1718; x_wconf 90' lang='lat' dir='ltr'>non</span> <span class='ocrx_word' id='word_1_145' title='bbox 1356 1672 1544 1718; x_wconf 86' lang='lat' dir='ltr'>foedera</span> <span class='ocrx_word' id='word_1_146' title='bbox 1562 1686 1764 1733; x_wconf 88' lang='lat' dir='ltr'>possum.</span> 
     </span>
     <span class='ocr_line' id='line_1_23' title="bbox 343 1739 1455 1803; baseline -0.003 -16"><span class='ocrx_word' id='word_1_147' title='bbox 343 1755 393 1788; x_wconf 94' lang='lat' dir='ltr'>tu</span> <span class='ocrx_word' id='word_1_148' title='bbox 419 1758 502 1803; x_wconf 93' lang='lat' dir='ltr'>pro</span> <span class='ocrx_word' id='word_1_149' title='bbox 527 1757 750 1801; x_wconf 89' lang='lat' dir='ltr'>germano</span> <span class='ocrx_word' id='word_1_150' title='bbox 777 1741 811 1786; x_wconf 91' lang='lat' dir='ltr'>si</span> <span class='ocrx_word' id='word_1_151' title='bbox 839 1741 955 1802; x_wconf 88' lang='lat' dir='ltr'>quid</span> <span class='ocrx_word' id='word_1_152' title='bbox 983 1740 1272 1802; x_wconf 89' lang='lat' dir='ltr'>praesentius</span> <span class='ocrx_word' id='word_1_153' title='bbox 1300 1739 1455 1794; x_wconf 87' lang='lat' dir='ltr'>audes,</span> 
     </span>
     <span class='ocr_line' id='line_1_24' title="bbox 341 1803 1685 1871; baseline -0.003 -18"><span class='ocrx_word' id='word_1_154' title='bbox 341 1824 479 1871; x_wconf 86' lang='lat' dir='ltr'>perge</span> <span class='ocrx_word' id='word_1_155' title='bbox 502 1826 515 1861; x_wconf 93' lang='lat'>;</span> <span class='ocrx_word' id='word_1_156' title='bbox 552 1807 705 1853; x_wconf 91' lang='lat' dir='ltr'>decet.</span> <span class='ocrx_word' id='word_1_157' title='bbox 777 1807 931 1852; x_wconf 87' lang='lat' dir='ltr'>forsan</span> <span class='ocrx_word' id='word_1_158' title='bbox 960 1807 1151 1852; x_wconf 86' lang='lat' dir='ltr'>miseros</span> <span class='ocrx_word' id='word_1_159' title='bbox 1178 1806 1372 1851; x_wconf 92' lang='lat' dir='ltr'>meliora</span> <span class='ocrx_word' id='word_1_160' title='bbox 1397 1803 1685 1867; x_wconf 89' lang='lat' dir='ltr'>sequentur.’</span> 
     </span>
     <span class='ocr_line' id='line_1_25' title="bbox 342 1871 1531 1934; baseline -0.003 -14"><span class='ocrx_word' id='word_1_161' title='bbox 342 1875 419 1920; x_wconf 87' lang='lat' dir='ltr'>vix</span> <span class='ocrx_word' id='word_1_162' title='bbox 448 1891 516 1931; x_wconf 91' lang='lat' dir='ltr'>ea,</span> <span class='ocrx_word' id='word_1_163' title='bbox 543 1890 653 1920; x_wconf 91' lang='lat' dir='ltr'>cum</span> <span class='ocrx_word' id='word_1_164' title='bbox 680 1873 892 1919; x_wconf 87' lang='lat' dir='ltr'>lacrimas</span> <span class='ocrx_word' id='word_1_165' title='bbox 920 1872 1069 1919; x_wconf 88' lang='lat' dir='ltr'>oculis</span> <span class='ocrx_word' id='word_1_166' title='bbox 1098 1873 1296 1918; x_wconf 91' lang='lat' dir='ltr'>Iuturna</span> <span class='ocrx_word' id='word_1_167' title='bbox 1320 1871 1531 1934; x_wconf 90' lang='lat' dir='ltr'>profudit</span> 
     </span>
     <span class='ocr_line' id='line_1_26' title="bbox 344 1938 1705 2003; baseline -0.004 -16"><span class='ocrx_word' id='word_1_168' title='bbox 344 1954 509 2003; x_wconf 90' lang='lat' dir='ltr'>terque</span> <span class='ocrx_word' id='word_1_169' title='bbox 535 1953 794 2002; x_wconf 89' lang='lat' dir='ltr'>quaterque</span> <span class='ocrx_word' id='word_1_170' title='bbox 822 1956 966 1985; x_wconf 91' lang='lat' dir='ltr'>manu</span> <span class='ocrx_word' id='word_1_171' title='bbox 993 1953 1157 2000; x_wconf 88' lang='lat' dir='ltr'>pectus</span> <span class='ocrx_word' id='word_1_172' title='bbox 1182 1938 1410 2000; x_wconf 87' lang='lat' dir='ltr'>percussit</span> <span class='ocrx_word' id='word_1_173' title='bbox 1436 1939 1705 1983; x_wconf 89' lang='lat' dir='ltr'>honesturn.</span> 
     </span>
     <span class='ocr_line' id='line_1_27' title="bbox 345 2004 1554 2067; baseline -0.004 -14"><span class='ocrx_word' id='word_1_174' title='bbox 345 2024 440 2053; x_wconf 91' lang='lat' dir='ltr'>non</span> <span class='ocrx_word' id='word_1_175' title='bbox 468 2006 670 2052; x_wconf 90' lang='lat' dir='ltr'>lacrimis</span> <span class='ocrx_word' id='word_1_176' title='bbox 697 2008 787 2051; x_wconf 92' lang='lat' dir='ltr'>hoc</span> <span class='ocrx_word' id='word_1_177' title='bbox 817 2005 1036 2067; x_wconf 89' lang='lat' dir='ltr'>tempus‚&#39;</span> <span class='ocrx_word' id='word_1_178' title='bbox 1062 2006 1126 2051; x_wconf 92' lang='lat' dir='ltr'>ait</span> <span class='ocrx_word' id='word_1_179' title='bbox 1154 2004 1370 2050; x_wconf 90' lang='lat' dir='ltr'>Saturnia</span> <span class='ocrx_word' id='word_1_180' title='bbox 1395 2005 1518 2049; x_wconf 90' lang='lat' dir='ltr'>Iuno</span> <span class='ocrx_word' id='word_1_181' title='bbox 1541 2023 1554 2057; x_wconf 92' lang='lat'>;</span> 
     </span>
     <span class='ocr_line' id='line_1_28' title="bbox 345 2070 1598 2134; baseline -0.004 -14"><span class='ocrx_word' id='word_1_182' title='bbox 345 2074 569 2130; x_wconf 91' lang='lat' dir='ltr'>adcelera,</span> <span class='ocrx_word' id='word_1_183' title='bbox 599 2086 645 2119; x_wconf 89' lang='lat' dir='ltr'>et</span> <span class='ocrx_word' id='word_1_184' title='bbox 671 2073 877 2129; x_wconf 89' lang='lat' dir='ltr'>fratrem,</span> <span class='ocrx_word' id='word_1_185' title='bbox 906 2072 940 2117; x_wconf 90' lang='lat' dir='ltr'>si</span> <span class='ocrx_word' id='word_1_186' title='bbox 969 2072 1071 2134; x_wconf 90' lang='lat' dir='ltr'>quis</span> <span class='ocrx_word' id='word_1_187' title='bbox 1098 2071 1279 2127; x_wconf 90' lang='lat' dir='ltr'>modus,</span> <span class='ocrx_word' id='word_1_188' title='bbox 1308 2070 1432 2132; x_wconf 90' lang='lat' dir='ltr'>eripe</span> <span class='ocrx_word' id='word_1_189' title='bbox 1458 2070 1598 2116; x_wconf 90' lang='lat' dir='ltr'>morti</span> 
     </span>
     <span class='ocr_line' id='line_1_29' title="bbox 345 2136 1582 2200; baseline -0.003 -14"><span class='ocrx_word' id='word_1_190' title='bbox 345 2153 425 2187; x_wconf 86' lang='lat' dir='ltr'>aut</span> <span class='ocrx_word' id='word_1_191' title='bbox 452 2153 502 2187; x_wconf 92' lang='lat' dir='ltr'>tu</span> <span class='ocrx_word' id='word_1_192' title='bbox 530 2139 653 2185; x_wconf 88' lang='lat' dir='ltr'>bella</span> <span class='ocrx_word' id='word_1_193' title='bbox 678 2139 765 2196; x_wconf 86' lang='lat' dir='ltr'>cie,</span> <span class='ocrx_word' id='word_1_194' title='bbox 794 2151 1177 2200; x_wconf 90' lang='lat' dir='ltr'>conceptumque</span> <span class='ocrx_word' id='word_1_195' title='bbox 1205 2151 1374 2183; x_wconf 87' lang='lat' dir='ltr'>excute</span> <span class='ocrx_word' id='word_1_196' title='bbox 1401 2136 1582 2183; x_wconf 86' lang='lat' dir='ltr'>foedus.</span> 
     </span>
     <span class='ocr_line' id='line_1_30' title="bbox 345 2203 1507 2267; baseline -0.004 -14"><span class='ocrx_word' id='word_1_197' title='bbox 345 2220 508 2253; x_wconf 90' lang='lat' dir='ltr'>auctor</span> <span class='ocrx_word' id='word_1_198' title='bbox 535 2223 619 2267; x_wconf 82' lang='lat' dir='ltr'>ego</span> <span class='ocrx_word' id='word_1_199' title='bbox 646 2205 883 2251; x_wconf 88' lang='lat' dir='ltr'>audendi.&#39;</span> <span class='ocrx_word' id='word_1_200' title='bbox 954 2205 1016 2250; x_wconf 89' lang='lat' dir='ltr'>sic</span> <span class='ocrx_word' id='word_1_201' title='bbox 1046 2206 1288 2250; x_wconf 87' lang='lat' dir='ltr'>exhortata</span> <span class='ocrx_word' id='word_1_202' title='bbox 1313 2203 1507 2265; x_wconf 87' lang='lat' dir='ltr'>reliquit</span> 
     </span>
     <span class='ocr_line' id='line_1_31' title="bbox 346 2269 1770 2320; baseline -0.004 -1"><span class='ocrx_word' id='word_1_203' title='bbox 346 2274 574 2320; x_wconf 91' lang='lat' dir='ltr'>incertam</span> <span class='ocrx_word' id='word_1_204' title='bbox 603 2286 649 2319; x_wconf 93' lang='lat' dir='ltr'>et</span> <span class='ocrx_word' id='word_1_205' title='bbox 677 2272 794 2318; x_wconf 88' lang='lat' dir='ltr'>tristi</span> <span class='ocrx_word' id='word_1_206' title='bbox 818 2271 1049 2317; x_wconf 90' lang='lat' dir='ltr'>turbatam</span> <span class='ocrx_word' id='word_1_207' title='bbox 1076 2271 1272 2316; x_wconf 90' lang='lat' dir='ltr'>vulnere</span> <span class='ocrx_word' id='word_1_208' title='bbox 1299 2269 1486 2315; x_wconf 89' lang='lat' dir='ltr'>mentis.</span> <span class='ocrx_word' id='word_1_209' title='bbox 1712 2283 1770 2314; x_wconf 88' lang='lat'>160</span> 
     </span>
    </p>

    <p class='ocr_par' dir='ltr' id='par_1_4' title="bbox 347 2337 1565 2733">
     <span class='ocr_line' id='line_1_32' title="bbox 414 2337 1347 2398; baseline -0.004 -13"><span class='ocrx_word' id='word_1_210' title='bbox 414 2340 594 2385; x_wconf 89' lang='lat' dir='ltr'>interea</span> <span class='ocrx_word' id='word_1_211' title='bbox 620 2355 764 2398; x_wconf 88' lang='lat' dir='ltr'>reges,</span> <span class='ocrx_word' id='word_1_212' title='bbox 790 2337 972 2398; x_wconf 89' lang='lat' dir='ltr'>ingenti</span> <span class='ocrx_word' id='word_1_213' title='bbox 999 2338 1125 2383; x_wconf 91' lang='lat' dir='ltr'>mole</span> <span class='ocrx_word' id='word_1_214' title='bbox 1151 2337 1347 2382; x_wconf 90' lang='lat' dir='ltr'>Latinus</span> 
     </span>
     <span class='ocr_line' id='line_1_33' title="bbox 347 2401 1565 2468; baseline -0.003 -17"><span class='ocrx_word' id='word_1_215' title='bbox 347 2405 624 2468; x_wconf 88' lang='lat' dir='ltr'>quadriiugo</span> <span class='ocrx_word' id='word_1_216' title='bbox 648 2405 837 2450; x_wconf 87' lang='lat' dir='ltr'>vehitur</span> <span class='ocrx_word' id='word_1_217' title='bbox 863 2421 1018 2459; x_wconf 91' lang='lat' dir='ltr'>curru,</span> <span class='ocrx_word' id='word_1_218' title='bbox 1044 2403 1120 2449; x_wconf 90' lang='lat' dir='ltr'>cui</span> <span class='ocrx_word' id='word_1_219' title='bbox 1148 2416 1361 2464; x_wconf 90' lang='lat' dir='ltr'>tempora</span> <span class='ocrx_word' id='word_1_220' title='bbox 1385 2401 1565 2447; x_wconf 88' lang='lat' dir='ltr'>circum</span> 
     </span>
     <span class='ocr_line' id='line_1_34' title="bbox 348 2469 1332 2529; baseline -0.004 -11"><span class='ocrx_word' id='word_1_221' title='bbox 348 2471 492 2518; x_wconf 89' lang='lat' dir='ltr'>aurati</span> <span class='ocrx_word' id='word_1_222' title='bbox 520 2471 588 2516; x_wconf 93' lang='lat' dir='ltr'>bis</span> <span class='ocrx_word' id='word_1_223' title='bbox 613 2487 691 2516; x_wconf 86' lang='lat' dir='ltr'>sex</span> <span class='ocrx_word' id='word_1_224' title='bbox 719 2470 834 2516; x_wconf 90' lang='lat' dir='ltr'>radii</span> <span class='ocrx_word' id='word_1_225' title='bbox 862 2469 1092 2529; x_wconf 89' lang='lat' dir='ltr'>fulgentia</span> <span class='ocrx_word' id='word_1_226' title='bbox 1118 2469 1332 2529; x_wconf 88' lang='lat' dir='ltr'>cingunt,</span> 
     </span>
     <span class='ocr_line' id='line_1_35' title="bbox 351 2534 1545 2599; baseline -0.004 -14"><span class='ocrx_word' id='word_1_227' title='bbox 351 2538 469 2585; x_wconf 91' lang='lat' dir='ltr'>Solis</span> <span class='ocrx_word' id='word_1_228' title='bbox 496 2537 567 2584; x_wconf 84' lang='lat' dir='ltr'>avi</span> <span class='ocrx_word' id='word_1_229' title='bbox 595 2536 835 2599; x_wconf 88' lang='lat' dir='ltr'>specimen</span> <span class='ocrx_word' id='word_1_230' title='bbox 860 2556 874 2592; x_wconf 93' lang='lat'>;</span> <span class='ocrx_word' id='word_1_231' title='bbox 910 2535 1027 2596; x_wconf 90' lang='lat' dir='ltr'>bigis</span> <span class='ocrx_word' id='word_1_232' title='bbox 1054 2535 1091 2580; x_wconf 92' lang='lat' dir='ltr'>it</span> <span class='ocrx_word' id='word_1_233' title='bbox 1117 2535 1314 2580; x_wconf 89' lang='lat' dir='ltr'>Turnus</span> <span class='ocrx_word' id='word_1_234' title='bbox 1340 2534 1388 2580; x_wconf 91' lang='lat' dir='ltr'>in</span> <span class='ocrx_word' id='word_1_235' title='bbox 1414 2534 1545 2590; x_wconf 89' lang='lat' dir='ltr'>albis,</span> 
     </span>
     <span class='ocr_line' id='line_1_36' title="bbox 350 2601 1359 2664; baseline -0.003 -13"><span class='ocrx_word' id='word_1_236' title='bbox 350 2605 461 2651; x_wconf 92' lang='lat' dir='ltr'>bina</span> <span class='ocrx_word' id='word_1_237' title='bbox 485 2620 630 2650; x_wconf 90' lang='lat' dir='ltr'>manu</span> <span class='ocrx_word' id='word_1_238' title='bbox 657 2603 751 2648; x_wconf 92' lang='lat' dir='ltr'>lato</span> <span class='ocrx_word' id='word_1_239' title='bbox 777 2602 985 2664; x_wconf 88' lang='lat' dir='ltr'>crispans</span> <span class='ocrx_word' id='word_1_240' title='bbox 1011 2601 1196 2647; x_wconf 90' lang='lat' dir='ltr'>hastilia</span> <span class='ocrx_word' id='word_1_241' title='bbox 1221 2602 1359 2648; x_wconf 88' lang='lat' dir='ltr'>ferro.</span> 
     </span>
     <span class='ocr_line' id='line_1_37' title="bbox 351 2668 1467 2733; baseline -0.004 -15"><span class='ocrx_word' id='word_1_242' title='bbox 351 2671 462 2718; x_wconf 90' lang='lat' dir='ltr'>hinc</span> <span class='ocrx_word' id='word_1_243' title='bbox 491 2683 622 2733; x_wconf 89' lang='lat' dir='ltr'>pater</span> <span class='ocrx_word' id='word_1_244' title='bbox 646 2670 844 2724; x_wconf 86' lang='lat' dir='ltr'>Aeneas,</span> <span class='ocrx_word' id='word_1_245' title='bbox 874 2670 1115 2715; x_wconf 88' lang='lat' dir='ltr'>Romanae</span> <span class='ocrx_word' id='word_1_246' title='bbox 1143 2668 1296 2730; x_wconf 88' lang='lat' dir='ltr'>stirpis</span> <span class='ocrx_word' id='word_1_247' title='bbox 1323 2668 1467 2728; x_wconf 89' lang='lat' dir='ltr'>origo,</span> 
     </span>
    </p>
   </div>
   <div class='ocr_carea' id='block_1_3' title="bbox 827 2746 1132 2794">
    <p class='ocr_par' dir='ltr' id='par_1_5' title="bbox 827 2746 1132 2794">
     <span class='ocr_line' id='line_1_38' title="bbox 827 2746 1132 2794; baseline -0.003 -9"><span class='ocrx_word' id='word_1_248' title='bbox 827 2758 899 2794; x_wconf 79' lang='lat'>142</span> <span class='ocrx_word' id='word_1_249' title='bbox 931 2746 1132 2784; x_wconf 80' lang='lat' dir='ltr'>carissima.</span> 
     </span>
    </p>
   </div>
  </div>
 </body>
</html>
