1866 3208
566 256 837 294 AENEIDOS
867 257 970 296 LIB.
999 257 1038 293 X
1474 269 1546 307 323

118 365 310 421 vellere,
334 377 380 410 et
406 375 626 423 urguetur
649 379 809 423 pugna
835 379 1105 423 congressus
1129 361 1306 424 iniqua,

118 432 268 478 multa
292 447 486 477 movens
511 428 666 475 animo
692 428 784 475 iam
813 430 1003 475 tandem
1029 429 1248 491 erumpit,
1277 442 1324 475 et
1350 428 1471 475 inter
1491 444 1552 484 890

120 497 353 544 bellatoris
378 496 486 560 equi
507 513 617 542 cava
644 508 856 557 tempora
882 496 1058 542 conicit
1083 498 1275 543 hastam.

119 564 244 612 tollit
269 580 314 610 se
342 577 571 610 arrectum
598 562 879 625 quadrupes,
910 576 956 609 et
982 563 1188 609 calcibus
1215 580 1343 610 auras

118 631 346 688 verberat,
373 631 666 692 effusumque
695 629 906 692 equitem
934 647 1072 691 super
1095 629 1193 692 ipse
1220 644 1406 677 secutus

116 697 331 760 inplicat,
359 697 604 759 eiectoque
631 696 871 742 incumbit
898 713 1100 743 cernuus
1126 713 1266 745 arm0.

117 765 319 811 clamore
345 763 608 810 incendunt
635 763 820 809 caelum
851 764 1095 826 Troesque
1121 763 1392 826 Latinique.

117 831 300 878 advolat
323 831 508 877 Aeneas
532 830 794 892 vaginaque
823 830 960 891 eripit
987 847 1163 886 ensem,

116 912 164 945 et
188 915 325 962 super
348 899 462 944 haec
489 916 498 944 :
536 902 549 922 ‘
566 897 646 943 ubi
674 914 803 943 nunc
834 897 1108 944 Mezentius
1135 914 1256 954 acer,
1282 911 1328 944 et
1354 897 1435 943 illa

116 965 254 1012 effera
279 965 348 1011 vis
372 964 546 1011 animi.
539 962 578 999 >'
652 978 815 1011 contra
844 964 1137 1025 Tyrrhenus,
1166 978 1218 1011 ut
1243 982 1372 1011 auras

115 1032 372 1094 suspiciens
397 1031 549 1078 hausit
578 1032 781 1089 caelum,
809 1045 1117 1095 mentemque
1142 1031 1355 1093 recepit:

115 1099 258 1146 hostis
285 1116 452 1174 amare,
478 1098 628 1162 quid
616 1099 884 1161 increpitas,
914 1112 1211 1175 mortemque
1237 1098 1464 1144 minaris?

115 1166 341 1213 nullum
330 1183 379 1212 1n
407 1166 549 1213 caede
576 1167 742 1213 nefas·
730 1187 743 1223 ;
782 1184 871 1214 nec
899 1167 963 1214 sic
991 1167 1048 1213 ad
1076 1165 1255 1228 proelia
1280 1165 1425 1212 xeni-
1413 1201 1427 1221 ,
1491 1189 1550 1220 901

114 1250 203 1280 nec
231 1247 389 1280 tecum
416 1251 548 1280 meus
574 1235 690 1280 haec
719 1234 901 1297 pepigit
928 1234 1045 1280 mihi
1073 1234 1261 1279 foedera
1286 1233 1480 1280 Lausus,

115 1317 264 1347 unum
289 1302 395 1359 hoc,
422 1319 521 1363 per,
548 1301 582 1347 si
610 1319 700 1364 qua
727 1316 794 1348 est
820 1301 958 1348 victis
986 1301 1126 1347 venia
1153 1301 1380 1357 hostibus,
1409 1318 1490 1347 oro
1518 1319 1528 1347 ε

115 1385 283 1430 corpus
308 1369 454 1415 humo
480 1368 654 1431 patiare
682 1369 791 1430 tegi.
863 1369 960 1415 scio
987 1369 1152 1415 acerba
1176 1385 1393 1415 meorum

114 1434 420 1482 circumstare
448 1436 554 1482 odia
579 1454 588 1481 :
626 1437 771 1491 hunc,
803 1453 898 1493 oro,
927 1436 1133 1482 defende
1160 1437 1370 1482 furorem
1394 1457 1406 1493 ;

114 1515 160 1548 et
187 1520 262 1549 me
289 1515 556 1549 consortem
583 1502 681 1549 nati
709 1503 919 1549 concede
947 1502 1230 1565 sepulchro?

112 1571 228 1616 haec
256 1569 467 1632 quuitur
492 1569 749 1632 iuguloque
776 1570 903 1616 haud
928 1569 1103 1616 inscius
1131 1569 1304 1632 accipit
1331 1587 1510 1628 ensem,

115 1636 409 1696 undantique
436 1636 642 1683 animam
669 1636 894 1683 diffundit
919 1637 968 1683 in
997 1654 1122 1684 arma
1148 1654 1330 1685 cruore.

607 1713 681 1764 898
714 1722 750 1752 et
781 1727 900 1752 auras.
