1866 3208
100 2092 127 2113 ί(

580 238 856 277 AENEIDOS
886 240 989 278 LIB.
1018 240 1081 278 VI
1506 252 1579 279 221

146 347 348 404 lumina,
372 346 777 410 praecipitemque
802 346 986 393 inmani
1013 347 1203 394 turbine
1228 347 1402 408 adegit.

148 431 238 461 nec
265 432 361 461 non
390 428 436 460 et
463 413 663 474 Tityon,
689 412 870 460 Terrae
896 414 1238 490 omniparentis
1265 415 1535 474 alumnum,

148 498 343 529 cernere
371 493 485 537 erat,
509 496 595 542 per
620 493 720 525 tota
744 496 918 526 novem
945 481 1021 528 cui
1048 481 1205 542 iugera
1231 499 1400 545 corpus

147 548 429 611 porrigitur3
464 559 707 609 rostroque
734 545 939 593 inmanis
964 549 1126 594 vultur
1151 548 1341 596 obunco

148 614 436 662 inmortale
425 631 555 661 iecur
580 613 784 660 tondens
811 613 1111 678 fecundaque
1136 616 1300 677 poenis

147 681 326 728 viscera
349 681 641 744 rimaturque
669 679 821 742 epulis
847 680 1124 744 habitatque
1151 682 1236 729 sub
1262 683 1357 730 alto

146 761 357 811 pectore,
385 765 475 795 nec
503 747 629 794 fibris
656 746 841 810 requies
868 747 1005 794 datur
1030 748 1127 794 ulla
1153 750 1345 797 renatis.
1523 765 1587 796 600

148 816 265 878 quid
291 831 550 862 memorem
575 813 819 877 LapithaS,
846 813 1015 861 Ixiona
1043 815 1437 880 Pirithoumque?

148 900 264 957 quos
290 899 428 945 super
452 895 547 928 atra
573 880 692 927 silex
719 880 812 926 iam
838 881 932 927 iam
959 882 1144 945 lapsura
1171 884 1459 947 cadentique

147 949 354 996 inminet
379 948 640 996 adsimilis:
679 948 845 995 lucent
871 948 1135 1010 genialibus
1163 950 1265 997 altis

148 1033 286 1062 aurea
311 1016 463 1063 fulcra
488 1014 616 1072 toris,
643 1015 908 1079 epulaeque
934 1030 1041 1063 ante
1067 1034 1144 1063 ora
1169 1030 1357 1079 paratae

147 1082 340 1144 regifico
365 1083 516 1129 luxu·
503 1102 517 1137 ;
554 1082 802 1129 Furiarum
828 1083 1036 1129 maxima
1061 1083 1193 1130 iuxta

147 1150 364 1206 accubat,
390 1163 435 1196 et
461 1149 678 1196 manibus
703 1149 924 1212 prohibet
950 1151 1226 1211 contingere
1250 1167 1451 1208 mensas,

148 1217 452 1280 exsurgitque
477 1217 631 1263 facem
657 1217 897 1274 attollens,
923 1231 1064 1280 atque
1089 1217 1278 1264 intonat
1303 1235 1396 1265 ore.

146 1283 245 1342 hic,
271 1284 440 1347 quibus
467 1284 606 1330 invisi
636 1284 813 1341 fratres,
841 1284 955 1331 dum
981 1284 1077 1331 vita
1101 1284 1339 1342 manebat,

149 1352 419 1414 pulsatusve
444 1368 625 1414 parens,
655 1365 701 1398 et
727 1351 851 1398 fraus
878 1351 1053 1398 innexa
1079 1352 1263 1410 clienti,

150 1431 230 1464 aut
255 1418 335 1481 qui
362 1418 540 1464 divitiis
566 1418 651 1464 soli
678 1418 938 1465 incubuere
963 1418 1176 1481 repertis,
1527 1434 1590 1466 610

149 1501 238 1531 nec
264 1498 446 1547 partem
471 1501 669 1547 posuere
697 1485 805 1541 suis,
832 1501 951 1548 quae
977 1485 1182 1532 maxima
1209 1485 1346 1532 turba
1374 1500 1458 1543 est,

149 1551 327 1615 quique
353 1551 413 1598 ob
437 1552 721 1598 adulterium
747 1552 884 1609 caesi,
913 1552 1090 1615 quique
1116 1570 1241 1599 arma
1266 1553 1416 1600 secuti

152 1618 299 1681 inpia,
326 1635 415 1665 nec
441 1618 579 1665 veriti
606 1618 908 1666 dominorum
936 1620 1099 1666 fallere
1124 1620 1327 1676 dextras,

148 1685 322 1732 inclusi
347 1702 550 1748 poenam
579 1699 872 1747 exspectant.
944 1702 1005 1732 ne
1031 1703 1204 1749 quaere
1229 1686 1387 1733 doceri

149 1769 292 1815 quam
319 1768 538 1814 poenam,
564 1765 642 1799 aut
671 1769 790 1815 quae
818 1753 965 1798 forma
990 1753 1112 1799 viros
1139 1753 1386 1800 fortunave
1411 1753 1587 1801 mersit.

148 1836 313 1866 saxum
338 1819 503 1880 ingens
528 1819 729 1865 volvunt
756 1819 849 1877 alii,
877 1819 1073 1866 radiisve
1099 1834 1307 1867 rotarum

147 1885 348 1933 districti
375 1886 585 1948 pendent
608 1907 622 1943 ;
658 1886 789 1933 sedet
815 1900 1169 1963 aeternumque
1183 1888 1364 1935 sedebit

147 1953 319 2000 infelix
346 1953 599 2000 Theseus·
587 1973 601 2010 ;
641 1954 966 2017 Phlegyasque
991 1954 1279 2001 miserrimus
1305 1971 1470 2002 omnes

149 2020 392 2077 admonet,
418 2034 464 2067 et
489 2037 659 2082 magna
687 2033 884 2068 testatur
910 2038 1027 2068 voce
1053 2039 1136 2084 per
1162 2023 1382 2069 umbras:

148 2077 351 2134 discite
341 2087 570 2134 lustitiam
596 2088 767 2134 moniti
795 2101 841 2134 et
868 2105 964 2134 non
992 2102 1203 2136 temnere
1228 2087 1400 2136 divos.''
1528 2105 1591 2136 620

148 2154 366 2202 vendidit
389 2154 467 2201 hic
495 2172 606 2201 auro
631 2155 848 2216 patriam,
878 2155 1222 2219 dominumque
1249 2169 1495 2218 potentem

148 2221 376 2284 inposuit,
402 2221 504 2268 fixit
530 2222 653 2283 leges
679 2222 834 2297 pretio
860 2236 1000 2285 atque
1026 2222 1220 2280 refixit3

147 2289 227 2336 hic
255 2289 519 2336 thalamum
545 2288 718 2335 invasit
743 2301 883 2335 natae
909 2289 1175 2353 vetitosque
1200 2291 1484 2353 hymenaeos
1511 2309 1520 2337 :

148 2356 245 2402 ausi
272 2372 435 2402 omnes
461 2356 653 2403 inmane
679 2356 825 2415 nefas,
854 2373 1059 2432 ausoque
1083 2357 1237 2420 potiti.

150 2438 264 2479 non,
287 2422 405 2469 mihi
431 2422 467 2470 si
493 2423 681 2484 linguae
708 2437 904 2470 centum
932 2424 1025 2471 sint
1050 2441 1223 2488 oraque
1249 2438 1462 2482 centum,

152 2488 302 2536 ferrea
326 2507 436 2547 vox,
460 2506 626 2538 omnes
651 2491 884 2537 scelerum
912 2492 1253 2567 comprendere
1279 2492 1466 2548 formas,

151 2555 310 2606 omnia
333 2574 591 2619 poenarum
616 2574 886 2621 percurrere
914 2559 1110 2605 nomina
1134 2557 1338 2622 possim.'

194 2620 334 2668 haec
360 2623 442 2669 ubi
468 2624 595 2670 dicta
621 2624 751 2671 dedit
779 2624 958 2672 Phoebi
984 2626 1214 2687 longaeva
1239 2625 1483 2672 sacerdos.

120 2687 269 2734 ‘sed
258 2704 352 2734 lam
377 2705 473 2750 age,
500 2707 637 2753 carpe
662 2691 806 2749 viam,
827 2706 874 2738 et
899 2707 1173 2754 susceptum
1199 2691 1370 2754 perfice
1396 2707 1591 2738 munus.

199 2761 277 2817 post*
306 2764 378 2803 601
401 2765 556 2816 fortasse
577 2767 708 2804 excidit
735 2781 869 2806 versus.
927 2769 1004 2806 602
1031 2782 1118 2818 quo,
1176 2769 1254 2817 604
1279 2774 1467 2817 paternae.

288 2822 300 2842 l

286 2858 300 2888 Χ
