1861 3256
724 255 765 293 P.
801 253 1030 291 VERGILI
1061 252 1318 290 MARONIS

341 362 398 408 de
424 362 556 408 caelo
582 374 725 407 tactas
752 359 950 406 memini
976 359 1244 421 praedicere
1271 374 1484 420 quercus.

342 428 421 474 sed
447 441 604 474 tamen
631 427 715 473 iste
742 427 854 473 deus
880 426 960 489 qui
987 426 1044 473 sit
1069 426 1141 482 da,
1168 424 1353 486 Tityre,
1381 425 1530 471 nobis.

415 495 468 541 T.
507 495 687 550 urbem,
713 510 852 555 quam
879 494 1046 539 dicunt
1073 493 1289 547 Romam,
1319 491 1581 547 Meliboee,
1605 491 1765 553 putavi

341 562 510 607 stultus
537 577 621 619 ego
646 559 758 605 huic
785 573 969 605 nostrae
996 559 1214 614 similem,
1237 575 1330 620 quo
1355 574 1488 618 saepe
1509 557 1711 603 solemus
1727 582 1768 603 20

339 641 542 690 pastores
569 626 729 672 ovium
755 639 937 672 teneros
962 626 1201 688 depellere
1228 625 1364 670 fetus.

341 694 404 740 sic
432 692 624 739 canibus
651 692 831 737 catulos
856 691 1046 747 similes,
1075 691 1138 737 sic
1166 690 1390 736 matribus
1417 690 1588 736 haedos

340 776 519 816 noram,
547 758 611 804 sic
638 758 788 820 parvis
815 775 1098 818 componere
1124 774 1292 818 magna
1317 757 1539 803 solebam.

339 843 504 872 verum
530 827 643 871 haec
672 837 857 871 tantum
883 824 992 869 alias
1019 824 1141 870 inter
1167 836 1308 885 caput
1335 823 1506 868 extulit
1532 821 1682 878 urbes,

341 906 571 955 quantum
598 892 725 937 lenta
749 891 902 937 solent
926 890 1050 936 inter
1075 891 1272 936 viburna
1298 889 1517 951 cupressi.

412 960 486 1006 M.
523 972 568 1004 et
594 975 714 1020 quae
741 971 871 1004 tanta
895 957 986 1003 fuit
1013 957 1212 1002 Romam
1240 956 1324 1002 tibi
1353 973 1490 1002 causa
1516 955 1709 1001 videndi
1731 959 1747 1001 ?

414 1026 468 1073 T.
506 1025 710 1081 libertas,
736 1041 853 1086 quae
881 1041 975 1070 sera
1000 1036 1160 1069 tamen
1187 1023 1390 1083 respexit
1415 1022 1634 1078 inertem,

341 1092 583 1139 candidior
606 1104 855 1153 postquam
881 1090 1097 1136 tondenti
1123 1089 1263 1135 barba
1288 1089 1501 1145 cadebat,

339 1159 543 1221 respexit
570 1171 728 1204 tamen
756 1170 800 1202 et
827 1157 968 1216 longo
993 1169 1095 1218 post
1122 1169 1333 1218 tempore
1358 1155 1507 1212 venit,

340 1240 588 1288 postquam
615 1241 698 1270 nos
724 1223 977 1284 Amaryllis
1004 1223 1158 1277 habet,
1188 1223 1388 1268 Galatea
1412 1221 1619 1283 reliquit.
1730 1245 1771 1274 30

341 1309 561 1354 namque,
587 1290 768 1337 fatebor
793 1289 940 1346 enim,
965 1289 1078 1334 dum
1105 1306 1180 1334 me
1209 1289 1408 1334 Galatea
1434 1287 1639 1344 tenebat,

341 1376 428 1405 nec
456 1375 556 1420 spes
584 1357 809 1403 libertatis
837 1369 933 1402 erat
960 1372 1048 1401 nec
1075 1372 1184 1401 cura
1209 1354 1385 1416 peculi.

341 1425 553 1489 quamvis
580 1425 729 1469 multa
755 1423 871 1469 meis
901 1422 1047 1468 exiret
1072 1421 1266 1467 victima
1292 1420 1474 1482 saeptis,

340 1492 528 1554 pinguis
557 1504 603 1537 et
629 1491 836 1551 ingratae
864 1502 1156 1551 premeretur
1183 1504 1341 1533 caseus
1366 1486 1486 1543 urbi,

342 1576 438 1605 non
466 1574 691 1620 umquam
717 1556 864 1616 gravis
893 1572 997 1602 aere
1025 1555 1219 1601 domum
1246 1553 1363 1600 mihi
1388 1553 1551 1599 dextra
1572 1551 1770 1598 redibat.

412 1627 486 1672 M.
523 1624 722 1670 mirabar
748 1623 862 1686 quid
888 1635 1062 1668 maesta
1090 1622 1215 1679 deos,
1241 1619 1488 1681 Amarylli,
1516 1635 1701 1666 vocares
1725 1639 1738 1674 ;

342 1692 418 1739 cui
445 1691 649 1754 pendere
677 1708 756 1736 sua
782 1688 1001 1752 patereris
1029 1688 1076 1734 in
1105 1688 1266 1734 arbore
1291 1703 1458 1749 poma:

343 1759 540 1820 Tityrus
566 1758 677 1804 hinc
706 1757 879 1803 aberat.
952 1755 1074 1818 ipsae
1103 1768 1161 1810 te,
1190 1754 1378 1814 Tityre,
1401 1752 1555 1815 pinus,

342 1826 428 1888 ipsi
457 1839 501 1872 te
528 1826 700 1881 fontes,
726 1824 823 1886 ipsa
849 1824 962 1869 haec
991 1822 1173 1868 arbusta
1197 1821 1443 1866 vocabant.

416 1894 469 1940 T.
497 1892 611 1955 quid
633 1892 868 1937 facerem?
895 1905 1051 1951 neque
1073 1887 1261 1934 servitio
1280 1904 1357 1932 me
1379 1885 1506 1932 exire
1527 1885 1703 1932 licebat
1732 1910 1773 1939 40

342 1977 430 2006 nec
458 1973 554 2006 tam
579 1971 844 2021 praesentes
874 1956 984 2002 alibi
1014 1970 1293 2015 cognoscere
1318 1953 1464 1999 divos.

341 2027 419 2072 hic
447 2026 584 2072 illum
610 2024 706 2070 vidi
735 2024 974 2080 iuvenem,
1004 2021 1268 2076 Meliboee,
1294 2019 1545 2082 quotannis

342 2093 410 2139 bis
438 2109 572 2140 senos
597 2091 673 2138 cui
703 2104 855 2136 nostra
882 2090 980 2135 dies
1006 2088 1165 2134 altaria
1190 2088 1392 2133 fumant.

342 2160 419 2205 hic
447 2159 564 2205 mihi
590 2174 865 2221 responsum
892 2156 1070 2218 primus
1096 2154 1225 2200 dedit
1251 2154 1333 2199 ille
1358 2151 1539 2215 petenti
1566 2170 1576 2198 :

340 2227 512 2289 pascite
540 2239 591 2272 ut
618 2238 724 2271 ante
752 2224 910 2279 boves,
936 2222 1069 2285 pueri
1094 2241 1108 2275 ;
1145 2219 1408 2266 submittite
1435 2217 1616 2265 tauros.'

415 2294 488 2340 M.
526 2294 764 2338 fortunate
793 2307 950 2347 senex,
979 2306 1086 2350 ergo
1113 2302 1192 2335 tua
1215 2304 1318 2332 rura
1342 2285 1620 2341 manebunt,

345 2373 390 2406 et
417 2360 501 2405 tibi
530 2376 699 2420 magna
725 2358 846 2404 satis.
919 2356 1131 2419 quamvis
1157 2354 1274 2416 lapis
1300 2352 1459 2399 omnia
1485 2351 1638 2397 nudus

342 2427 606 2488 limosoque
633 2426 763 2487 palus
791 2424 997 2470 obducat
1022 2439 1193 2484 pascua
1216 2421 1376 2476 iunco,

345 2510 440 2540 non
468 2493 652 2539 insueta
679 2507 836 2551 graves
864 2490 1166 2551 temptabunt
1190 2486 1363 2550 pabula
1388 2486 1518 2542 fetas,

345 2577 432 2606 nec
460 2559 583 2605 mala
609 2558 755 2604 vicini
782 2556 964 2619 pecoris
992 2554 1204 2614 contagia
1229 2553 1432 2599 laedent.
1734 2574 1775 2602 50

346 2627 580 2674 fortunate
607 2642 765 2681 senex,
792 2623 869 2669 hic
898 2623 1019 2668 inter
1044 2620 1240 2666 flumina
1265 2632 1375 2666 nota

347 2707 392 2740 et
419 2694 570 2739 fontes
596 2708 743 2738 sacros
770 2690 911 2750 frigus
938 2687 1144 2750 captabis
1171 2703 1388 2748 opacum.

345 2761 458 2806 hinc
486 2759 586 2815 tibi,
615 2774 732 2821 quae
758 2773 953 2818 semper,
979 2755 1138 2801 vicino
1163 2754 1218 2799 ab
1244 2753 1397 2799 limite
1424 2767 1581 2814 saepes
