1861 3256
302 263 374 301 132
746 252 789 290 P.
818 251 1052 290 VERGILI
1082 253 1339 292 MARONIS

364 357 455 403 iam
481 356 698 403 flammae
724 356 918 403 tulerint
942 356 1161 405 inimicus
1188 374 1234 406 et
1258 359 1461 406 hauserit
1486 360 1620 409 ensis.
1723 378 1788 410 600

364 440 460 469 non
488 424 572 470 tibi
600 422 883 484 Tyndaridis
909 424 1049 471 facies
1074 425 1221 472 invisa
1246 426 1501 482 Lacaenae,

363 490 637 551 culpatusve
665 489 802 544 Paris,
830 489 987 538 divom
1013 491 1332 549 inclementia,
1359 493 1531 548 divom,

362 557 441 602 has
468 555 634 600 evertit
658 572 783 616 opeS,
808 557 1064 620 sternitque
1090 576 1114 604 a
1139 559 1347 605 culmine
1375 559 1585 606 Troiam.

363 621 787 683 aspice—namque
813 639 1018 681 ornnem,
1045 641 1162 688 quae
1188 642 1316 671 nunc
1344 625 1547 672 obducta
1571 627 1726 674 tuenti

363 687 578 733 mortales
604 687 794 734 hebetat
817 688 936 735 visus
961 690 1045 736 tibi
1072 704 1119 738 et
1144 691 1302 737 umida
1327 691 1506 738 circum

363 753 547 813 caligat,
572 754 749 800 nubem
776 754 966 818 eripiam
991 775 1001 803 :
1038 770 1087 803 tu
1114 774 1173 803 ne
1200 774 1288 819 qua
1311 758 1516 819 parentis

362 819 479 865 iussa
506 819 636 876 time,
662 838 753 867 neu
780 823 1036 884 praeceptis
1061 840 1220 885 parere
1249 840 1477 870 recusa—

360 886 454 942 hic,
484 886 562 932 ubi
588 887 799 934 disiectas
826 889 969 935 moles
995 891 1243 954 avulsaque
1269 890 1384 936 saxis

360 969 467 998 saxa
490 952 632 1010 vide5‚
659 953 899 1018 mixtoque
926 956 1183 1003 undantem
1209 957 1400 1019 pulvere
1426 957 1625 1014 fumum,

361 1019 617 1081 Neptunus
643 1036 796 1066 muros
810 1038 1082 1095 magnoque
1109 1037 1263 1070 emota
1289 1024 1479 1070 tridenti
1725 1038 1790 1070 610

361 1085 669 1132 fundamenta
694 1086 859 1149 quatit,
885 1101 1122 1152 totamque
1149 1107 1173 1136 a
1197 1090 1379 1136 sedibus
1405 1091 1569 1137 urbem

362 1152 497 1200 eruit.
567 1152 644 1199 hic
672 1153 795 1199 Iuno
823 1154 982 1200 Scaeas
1008 1156 1267 1202 saevissima
1292 1171 1444 1218 portas

360 1219 510 1281 prima
536 1232 680 1276 tenet,
709 1219 979 1284 sociumque
1005 1223 1163 1268 furens
1189 1240 1213 1269 a
1238 1223 1432 1270 navibus
1459 1239 1624 1284 agmen

361 1286 484 1332 ferro
509 1286 721 1332 accincta
747 1301 897 1334 vocat.

360 1352 452 1398 iam
477 1369 677 1399 summas
704 1370 828 1399 arces
856 1353 1088 1410 Tritonia,
1115 1354 1310 1416 respice,
1338 1355 1483 1401 Pallas

360 1418 544 1475 insedit,
574 1419 737 1465 nimbo
763 1420 990 1480 effulgens
1017 1434 1064 1468 et
1091 1421 1313 1481 Gorgone
1338 1438 1486 1468 saeva.

360 1485 456 1547 ipse
485 1486 619 1532 Pater
644 1486 818 1532 Danais
845 1486 1021 1533 animos
1047 1486 1257 1550 viresque
1283 1488 1506 1534 secundas

360 1552 527 1598 sufficit
549 1572 562 1608 3
599 1552 696 1615 ipse
723 1553 831 1599 deos
858 1553 906 1599 in
933 1553 1152 1600 Dardana
1176 1553 1365 1601 suscitat
1390 1571 1528 1600 arma.

360 1618 504 1680 eripe,
530 1633 650 1675 nate,
680 1620 852 1680 fugam,
879 1620 1117 1683 finemque
1143 1620 1319 1684 inpone
1344 1621 1505 1668 labori.

359 1702 588 1747 nusquam
615 1686 764 1742 abero,
794 1700 839 1733 et
866 1699 1021 1733 tutum
1047 1687 1195 1748 patrio
1222 1701 1266 1734 te
1293 1687 1457 1733 limine
1483 1686 1668 1734 sistam.'
1725 1701 1789 1734 σεο

358 1751 537 1798 dixerat
559 1771 573 1807 ;
610 1765 655 1797 et
681 1752 830 1813 spissis
857 1753 1007 1798 noctis
1034 1770 1079 1799 se
1105 1753 1317 1800 condidit
1343 1754 1533 1800 umbris.

358 1831 581 1880 apparent
606 1818 730 1864 dirae
757 1819 909 1874 facies,
939 1819 1223 1883 inimicaque
1249 1819 1422 1866 Troiae

359 1885 554 1931 numina
579 1901 745 1945 magna
770 1885 926 1932 deum.

427 1965 526 1997 tum
553 1968 662 1997 vero
687 1968 827 1997 omne
854 1952 969 1998 mihi
996 1951 1147 1998 visum
1173 1952 1411 1998 considere
1438 1952 1486 1998 in
1513 1951 1642 2012 ignes

360 2017 518 2074 Ilium,
547 2031 593 2064 et
619 2034 675 2063 ex
703 2018 797 2064 imo
823 2018 939 2064 verti
967 2018 1214 2081 Neptunia
1240 2019 1383 2064 Troia
1406 2039 1419 2075 ;

332 2106 336 2110 ·
359 2101 410 2130 ac
440 2084 584 2130 veluti
612 2084 803 2130 summis
830 2084 1068 2147 antiquam
1094 2085 1142 2131 in
1170 2085 1408 2131 montibus
1434 2101 1603 2131 ornum

359 2167 468 2197 cum
495 2151 615 2197 ferro
641 2150 838 2197 accisam
865 2151 1131 2214 crebrisque
1158 2151 1441 2214 bipennibus
1467 2151 1642 2198 instant

359 2234 519 2264 eruere
544 2217 770 2277 agricolae
798 2218 1010 2264 certatim
1034 2238 1047 2274 3
1084 2218 1164 2264 illa
1190 2235 1333 2281 usque
1359 2218 1564 2264 minatur

359 2297 406 2330 et
432 2285 704 2330 tremefacta
729 2301 912 2330 comam
939 2301 1165 2330 concusso
1190 2285 1363 2331 vertice
1389 2297 1540 2340 nutat,

359 2351 630 2396 vulneribus
656 2350 805 2397 donec
831 2350 1058 2413 paulatim
1084 2351 1234 2397 evicta
1259 2367 1528 2424 supremum
1724 2364 1787 2405 630

358 2416 630 2476 congemuit
656 2417 888 2479 traxitque
914 2417 1030 2476 iugis
1057 2417 1211 2462 avulsa
1236 2416 1433 2463 ruinam.

357 2483 605 2539 descendo,
635 2498 686 2528 ac
713 2483 918 2529 ducente
944 2483 1031 2528 deo
1056 2481 1327 2528 flammam
1316 2496 1440 2529 mter
1465 2496 1511 2528 et
1534 2483 1688 2528 hostes

359 2549 580 2611 expedior
604 2569 617 2605 ;
654 2548 766 2595 dant
792 2550 885 2595 tela
910 2549 1082 2603 locum,
1110 2547 1419 2611 flammaeque
1445 2548 1689 2596 recedunt.

426 2630 562 2678 atque
589 2615 668 2662 ubi
694 2615 785 2662 iam
811 2615 985 2678 patriae
1012 2628 1291 2677 perventum
1318 2616 1374 2661 ad
1399 2615 1564 2661 limina
1587 2614 1704 2661 sedis

359 2683 665 2746 antiquasque
691 2682 864 2737 domos,
892 2681 1089 2742 genitor,
1115 2699 1255 2745 quem
1282 2683 1447 2729 tollere
1472 2682 1521 2728 in
1547 2682 1662 2728 altos

771 2759 846 2797 616
877 2758 1008 2798 limbo.
1118 2759 1192 2808 632
1225 2760 1302 2798 dea.
