1861 3256
260 229 310 267 26

421 230 466 267 P.
495 229 731 267 VERGILI
762 229 1022 267 MARONIS
1052 229 1359 268 BUCOLICA:
1391 229 1504 268 ECL.
1535 231 1574 268 X

325 353 362 390 a,
391 335 475 381 tibi
503 351 562 380 ne
589 347 768 381 teneras
794 334 964 394 glacies
991 348 1114 382 secet
1140 352 1295 397 aspera
1317 335 1498 397 plantas
1520 335 1530 382 Ξ

323 401 415 458 ibo,
444 415 490 448 et
517 400 799 448 Chalcidico
825 418 943 463 quae
969 415 1076 448 sunt
1101 402 1217 448 mihi
1245 402 1436 448 condita
1459 418 1594 448 versu
1711 425 1752 455 50

324 468 531 515 carmina
555 467 744 529 pastoris
774 467 922 514 Siculi
949 469 1225 515 modulabor
1249 485 1411 514 avena.

324 547 507 581 certum
534 546 601 579 est
627 533 676 578 in
703 533 844 590 silvis,
873 533 997 580 inter
1023 536 1204 598 spelaea
1227 535 1446 590 ferarum,

325 601 464 647 malle
490 600 604 662 pati,
631 599 896 663 tenerisque
923 617 1050 647 meos
1075 601 1284 647 incidere
1311 617 1487 647 amores

324 666 594 713 arboribus:
632 680 844 713 crescent
871 667 995 724 illae,
1021 668 1251 723 cresceti5‚
1280 684 1471 713 amores.

324 733 501 779 interea
525 732 682 778 mixtis
710 733 918 780 lustrabo
945 735 1171 780 Maenala
1195 733 1450 795 Nymphis,

324 812 403 845 aut
428 816 554 844 acres
577 799 780 846 venabor
808 818 952 862 apros.
1025 818 1121 847 non
1148 817 1223 846 me
1250 801 1345 846 ulla
1368 800 1598 846 vetabunt

324 865 492 926 frigora
519 866 791 912 Parthenios
819 867 1013 913 canibus
1041 867 1333 913 circumdare
1359 866 1516 913 saltuS.

324 932 416 978 iam
443 931 558 977 mihi
584 949 666 993 per
691 949 830 994 rupes
857 933 1019 979 videor
1046 934 1270 996 lucosque
1297 946 1513 979 sonantes

324 999 408 1055 ire,
433 998 550 1044 libet
576 999 747 1044 Partho
774 1012 992 1062 torquere
1021 1000 1237 1061 Cydonia
1263 1017 1409 1046 cornu

324 1065 814 1128 spicula—tamquam
841 1067 953 1112 haec
982 1066 1039 1113 sit
1065 1067 1207 1113 nostri
1234 1066 1471 1113 medicina
1495 1064 1680 1121 furoris,
1715 1079 1756 1110 60

325 1144 403 1177 aut
429 1132 542 1178 deus
569 1131 649 1177 ille
675 1131 808 1177 malis
836 1133 1087 1179 hominum
1113 1133 1359 1180 mitescere
1385 1133 1534 1179 discat
1557 1132 1566 1178 ἱ

324 1198 417 1244 iam
443 1215 598 1261 neque
626 1198 982 1259 Hamadryades
1008 1217 1160 1246 rursus
1186 1217 1339 1263 neque
1366 1199 1574 1245 carmina
1598 1197 1732 1244 nobis

323 1264 421 1327 ipsa
444 1265 634 1327 placent
656 1284 670 1318 ;
707 1265 830 1326 ipsae
858 1282 1012 1312 rursus
1039 1266 1287 1312 concedite
1313 1266 1471 1312 silvae.

324 1348 420 1378 non
448 1331 585 1377 illum
611 1331 755 1377 nostri
783 1346 977 1393 possunt
1005 1346 1184 1379 mutare
1211 1332 1405 1389 labores,

325 1415 413 1444 nec
440 1397 475 1443 si
503 1398 749 1458 frigoribus
775 1398 942 1444 mediis
971 1399 1284 1461 Hebrumque
1312 1398 1523 1444 bibamus

327 1464 657 1528 Sithoniasque
683 1464 816 1510 nives
841 1465 1009 1511 hiemis
1037 1466 1282 1511 subeamus
1309 1481 1521 1527 aquosae,

326 1548 414 1578 nec
441 1531 495 1588 si,
521 1548 632 1578 cum
658 1531 863 1578 moriens
891 1532 984 1578 alta
1010 1532 1127 1578 liber
1152 1544 1247 1578 aret
1273 1532 1322 1577 in
1349 1531 1495 1587 ulmo,

324 1598 615 1660 Aethiopum
642 1615 876 1644 versemus
903 1615 1009 1644 oves
1037 1598 1122 1644 sub
1146 1598 1296 1644 sidere
1316 1597 1506 1644 Cancri.

326 1664 486 1712 omnia
509 1665 660 1711 vincit
685 1666 834 1711 Amor
858 1683 869 1711 :
908 1678 954 1711 et
979 1682 1061 1711 nos
1088 1665 1309 1711 cedamus
1334 1663 1532 1711 Amori.'

400 1797 515 1842 haec
543 1810 610 1842 sat
636 1796 739 1853 erit,
767 1797 913 1853 divae,
939 1809 1144 1843 vestrum
1171 1796 1398 1843 cecinisse
1423 1807 1625 1857 poetam,
1719 1819 1760 1849 70

328 1863 442 1909 dum
469 1863 599 1910 sedet
627 1877 671 1909 et
697 1863 859 1924 gracili
886 1864 1111 1910 fiscellam
1137 1863 1254 1909 texit
1279 1863 1480 1919 hibisco,

333 1930 542 1976 Pierides
568 1949 577 1976 :
615 1948 695 1976 vos
722 1932 839 1976 haec
867 1930 1046 1976 facietis
1073 1930 1279 1976 maxima
1307 1930 1467 1985 Gallo,

333 1997 494 2053 Gallo,
521 1996 653 2043 cuius
679 2013 808 2043 amor
835 2010 1018 2043 tantum
1044 1997 1160 2042 mihi
1188 1996 1355 2043 crescit
1380 1996 1430 2041 in
1456 1996 1605 2050 horas,

331 2076 561 2126 quantum
587 2080 695 2109 vere
722 2080 845 2109 novo
870 2063 1031 2109 viridis
1058 2080 1103 2109 se
1130 2063 1302 2109 subicit
1327 2063 1476 2108 aanS.

331 2147 568 2190 surgamus
594 2148 604 2176 :
643 2130 761 2177 solet
787 2147 881 2176 esse
908 2130 1055 2191 gravis
1081 2129 1380 2176 cantantibus
1407 2129 1585 2183 umbra,

331 2195 535 2258 iuniperi
562 2197 708 2258 gravis
736 2197 916 2254 umbra,
944 2210 1120 2242 nocent
1145 2210 1192 2242 et
1217 2195 1424 2256 frugibus
1451 2194 1656 2241 umbrae.

331 2262 395 2308 ite
421 2263 616 2310 domum
643 2277 835 2319 saturae,
861 2263 992 2310 venit
1017 2263 1274 2326 Hesperu5‚
1298 2262 1362 2309 ite
1389 2260 1615 2324 capellae.
