1866 3208
277 213 352 263 238
725 213 770 252 P.
798 213 1037 252 VERGILI
1067 212 1326 251 MARONIS

1691 112 1710 131 ν
1837 0 1866 202 ἦ

345 386 458 433 tecti
485 404 611 444 auro,
639 385 826 431 fulvum
852 386 1087 434 mandunt
1112 387 1198 433 sub
1224 386 1448 432 dentibus
1472 402 1656 439 aurum.

343 453 521 499 absenti
547 453 741 498 Aeneae
767 468 957 498 currum
982 453 1287 515 geminosque
1313 452 1507 512 iugaleS,
1648 495 1653 502 ,
1710 466 1771 498 280

343 519 523 565 semine
548 518 603 563 ab
630 518 856 576 aetherio,
883 518 1109 580 spirantes
1135 519 1323 566 naribus
1349 519 1523 578 ignem,

343 585 534 631 illorum
561 584 620 629 de
645 597 803 644 gente,
830 585 950 647 patri
976 602 1091 648 quos
1116 586 1310 632 daedala
1336 584 1475 630 Circe

345 650 582 712 supposita
606 650 665 696 de
692 664 840 697 matre
867 653 1035 698 nothos
1061 653 1211 699 furata
1237 651 1430 699 creavit.

344 717 515 764 talibus
540 717 789 763 Aeneadae
815 717 952 763 donis
978 718 1210 781 dictisque
1236 718 1397 764 Latini

344 783 568 829 sublimes
595 782 644 828 in
673 783 804 846 equis
830 784 1052 841 redeunt,
1075 801 1339 847 pacemque
1365 797 1621 846 reportant.

412 866 523 896 ecce
550 863 708 895 autem
735 849 944 896 Inachiis
970 868 1066 898 sese
1091 851 1320 898 referebat
1347 852 1404 897 ab
1428 850 1562 911 Argis

345 933 479 963 saeva
505 916 629 962 Iovis
656 916 885 975 coniunx,
912 934 1137 980 aurasque
1163 918 1352 964 invecta
1377 918 1584 974 tenebat,

346 996 392 1029 et
419 983 599 1029 laetum
623 983 837 1029 Aeneam
863 984 1153 1047 classemque
1181 1002 1236 1030 ex
1263 986 1451 1031 aethere
1478 985 1616 1044 longe

346 1049 635 1096 Dardaniam
663 1049 825 1096 Siculo
850 1051 1090 1112 prospexit
1115 1051 1172 1097 ab
1198 1068 1346 1114 usque
1373 1051 1612 1112 Pachyno.

346 1116 501 1162 moliri
528 1116 620 1162 iam
648 1129 774 1162 tecta
799 1116 943 1174 videt,
970 1117 1063 1163 iarn
1089 1118 1231 1164 fidere
1257 1131 1403 1164 terrae
1427 1138 1440 1174 ;
1714 1140 1775 1172 290

346 1183 601 1229 deseruisse
626 1197 761 1230 rates,
834 1183 964 1229 stetit
989 1184 1082 1230 acri
1110 1184 1200 1230 fixa
1225 1184 1403 1231 dolore.

348 1263 449 1296 tum
476 1267 695 1312 quassans
720 1263 863 1312 caput
889 1251 1003 1296 haec
1032 1250 1235 1297 effundit
1260 1264 1452 1313 pectore
1477 1251 1604 1297 dicta
1629 1268 1639 1296 :

347 1318 439 1362 heu
467 1316 660 1378 stirpem
687 1316 901 1373 invisam,
930 1331 976 1363 et
1003 1317 1108 1364 fatis
1134 1318 1367 1364 contraria
1393 1317 1560 1363 nostris

347 1383 442 1429 fata
470 1382 707 1444 Phrygum
731 1384 739 1430 Ι
815 1401 930 1429 num
960 1384 1104 1444 Sige‘i's
1129 1384 1414 1430 occumbere
1441 1383 1634 1446 campis,

349 1465 463 1495 num
490 1449 614 1512 capti
640 1463 836 1512 potuere
863 1451 1002 1512 capi?
1072 1468 1186 1497 num
1212 1451 1406 1496 incensa
1432 1450 1659 1496 cremavit

349 1516 495 1562 Troia
519 1516 673 1563 viros?
742 1517 922 1564 medias
949 1517 1069 1563 acies
1097 1517 1372 1580 mediosque
1397 1534 1483 1580 per
1507 1517 1636 1576 ignes

348 1583 574 1629 invenere
601 1583 740 1631 viam.
812 1598 874 1641 at,
900 1585 1056 1642 credo,
1083 1601 1188 1631 mea
1214 1585 1412 1630 numina
1439 1584 1632 1630 tandem

349 1650 467 1696 fessa
493 1649 666 1708 iacent,
693 1651 810 1696 odiis
837 1664 918 1697 aut
945 1664 1206 1697 exsaturata
1230 1651 1387 1714 quievi
1412 1672 1425 1707 ;

349 1716 465 1778 quin
492 1716 633 1762 etiam
658 1717 807 1778 patria
834 1734 1048 1763 excussos
1076 1717 1245 1763 infesta
1270 1734 1354 1779 per
1379 1717 1528 1762 undas

349 1800 457 1829 ausa
483 1783 631 1845 sequi,
658 1796 704 1829 et
730 1784 938 1844 profugis
966 1797 1066 1830 toto
1092 1801 1166 1830 me
1193 1800 1431 1845 opponere
1457 1796 1618 1845 ponto.
1718 1808 1779 1837 300

350 1849 621 1911 absumptae
648 1849 697 1895 in
724 1849 938 1896 Teucros
964 1850 1082 1896 vires
1107 1851 1322 1912 caelique
1348 1850 1598 1912 marisque.

349 1916 465 1979 quid
492 1917 648 1977 Syrtes
676 1929 754 1962 aut
783 1917 938 1978 Scylla
959 1917 1091 1972 mihi,
1119 1917 1233 1978 quid
1259 1930 1385 1962 vasta
1413 1916 1679 1977 Charybdis

349 1982 563 2045 profuit?
632 1996 794 2044 optato
820 1984 1094 2029 conduntur
1119 1983 1381 2044 Thybridis
1408 1983 1554 2039 alveo,

348 2049 499 2095 securi
526 2049 677 2111 pelagi
704 2063 844 2112 atque
870 2049 979 2096 mei.
1053 2050 1184 2095 Mars
1210 2049 1407 2112 perdere
1432 2063 1626 2110 gentem

349 2116 594 2162 inmanem
620 2116 881 2178 Lapithum
907 2116 1090 2173 valuit;
1126 2115 1359 2162 concessit
1386 2116 1434 2161 in
1462 2116 1548 2162 iras

349 2183 448 2244 ipse
473 2183 617 2229 deum
644 2182 887 2245 antiquam
913 2183 1098 2243 genitor
1125 2183 1374 2244 Calydona
1400 2182 1617 2229 Dianae·
1604 2203 1618 2238 3

350 2249 479 2311 quod
531 2249 683 2295 scelus
737 2262 818 2295 aut
866 2249 1092 2312 Lapithas
1147 2262 1350 2306 tantum,
1399 2262 1481 2295 aut
1529 2248 1778 2310 Calydona

484 2320 781 2362 merentem?

351 2395 420 2428 ast
447 2398 546 2442 eg0‚
574 2399 741 2442 magna
769 2382 893 2428 Iovis
919 2383 1146 2439 coniunx,
1174 2383 1242 2428 nil
1270 2382 1524 2444 linquere
1513 2399 1732 2428 mausum

350 2465 470 2511 quae
496 2448 629 2510 potui
656 2448 842 2506 infelix,
870 2465 989 2511 quae
1015 2462 1195 2494 memet
1220 2448 1271 2494 in
1298 2447 1459 2494 omnia
1483 2448 1620 2506 verti,

351 2515 515 2560 vincor
540 2515 598 2560 ab
623 2515 801 2561 Aenea.
873 2515 1001 2577 quod
1027 2515 1062 2560 si
1089 2531 1193 2560 mea
1221 2514 1421 2560 numina
1447 2531 1543 2560 non
1571 2527 1681 2561 sunt
1717 2539 1780 2569 310

351 2597 518 2642 magna
555 2581 677 2638 satis,
705 2581 817 2627 dubi
807 2594 922 2627 tem
956 2581 1082 2626 haud
1120 2581 1341 2643 equidem
1378 2580 1616 2643 inplorare
1650 2581 1778 2644 quod

485 2665 682 2710 usquam
710 2662 792 2694 est.

303 2725 375 2762 288
408 2727 535 2773 longo.
595 2737 668 2773 307
700 2724 871 2774 Lapithis
904 2753 911 2763 .
944 2753 953 2762 .
985 2754 993 2763 .
1024 2725 1216 2774 Calydone
1236 2731 1417 2763 merente.
1477 2736 1553 2773 310
1584 2725 1724 2763 vincar.

343 336 481 367 aurea
505 319 777 383 pectoribus
803 319 1002 365 demissa
1027 319 1224 366 monilia
1248 320 1461 382 pendent
1487 339 1501 376 ;
