1861 3256
699 237 743 274 P.
772 234 1006 273 VERGILI
1036 234 1296 272 MARONIS

313 343 528 389 ardentes
555 359 666 388 auro
692 354 738 387 et
764 341 948 402 paribus
975 341 1056 387 lita
1080 358 1272 402 corpora
1296 340 1455 400 guttis.

311 411 424 456 haec
453 408 609 470 potior
635 407 833 464 suboles,
861 406 974 453 hinc
1000 407 1119 453 caeli
1145 421 1356 468 tempore
1383 419 1514 452 certo
1678 431 1738 453 100

311 475 470 522 dulcia
497 474 637 520 mella
663 489 861 534 premes,
887 489 975 520 nec
1003 486 1186 520 tantum
1212 473 1389 529 dulcia,
1414 484 1647 534 quantum

311 554 358 588 et
381 540 561 603 liquida
589 553 635 586 et
661 539 832 586 durum
859 539 1037 586 Bacchi
1064 540 1297 586 domitura
1320 554 1546 600 saporem.

379 620 423 653 at
449 622 559 652 cum
586 605 768 652 incerta
794 607 956 654 volant
982 607 1208 669 caeloque
1235 605 1451 651 examina
1475 605 1648 652 ludunt

311 685 721 735 contemnuntque
749 672 876 719 favos
904 685 950 719 et
976 673 1140 733 frigida
1167 684 1292 718 tecta
1315 671 1607 734 relinquunt,

309 739 547 785 instabiles
574 739 752 785 animos
780 739 893 785 ludo
919 739 1186 801 prohibebis
1213 738 1358 785 inani.

310 822 398 852 nec
425 822 619 866 magnus
646 805 896 867 prohibere
926 806 1054 851 labor
1077 825 1087 852 :
1125 819 1175 851 tu
1201 805 1386 865 regibus
1413 805 1503 850 alas

239 902 242 903 ν
309 872 474 934 eripe3
511 888 606 917 non
633 872 724 918 illis
754 872 1003 934 quisquam
1031 871 1366 919 cunctantibus
1392 871 1540 917 altum

308 938 373 984 ire
399 938 487 984 iter
513 951 592 984 aut
617 939 776 984 castris
804 939 994 984 audebit
1019 939 1193 985 vellere
1219 938 1364 999 signa.

309 1004 514 1051 invitent
539 1004 715 1050 croceis
743 1005 954 1051 halantes
982 1004 1171 1052 floribus
1196 1004 1318 1051 horti

309 1084 353 1116 et
379 1085 533 1117 custos
558 1071 716 1116 furum
745 1084 884 1133 atque
913 1072 1070 1117 avium
1097 1088 1207 1118 cum
1232 1071 1351 1118 falce
1377 1070 1552 1132 saligna
1679 1095 1739 1116 110

310 1137 688 1199 Hellespontiaci
719 1150 867 1183 servet
894 1139 1041 1184 tutela
1070 1138 1241 1200 Priapi.

308 1204 406 1265 ipse
433 1205 651 1266 thymum
678 1203 909 1266 pinosque
938 1205 1090 1250 ferens
1116 1205 1173 1250 de
1199 1204 1436 1251 montibus
1462 1203 1564 1251 altis

308 1283 432 1317 tecta
458 1283 575 1317 serat
600 1271 690 1316 late
718 1271 918 1328 circum,
948 1271 1023 1317 cui
1051 1271 1159 1317 talia
1185 1288 1322 1318 curae
1344 1292 1358 1328 ;

307 1337 404 1399 ipse
432 1337 588 1383 labore
615 1354 808 1383 manum
836 1337 951 1383 duro
979 1350 1112 1394 terat,
1140 1338 1237 1399 ipse
1264 1338 1440 1384 feraces

307 1403 417 1464 figat
442 1405 590 1450 humo
615 1405 797 1465 plantas
826 1417 872 1450 et
900 1404 1073 1450 amicos
1101 1403 1273 1464 inriget
1299 1404 1487 1451 imbres.

375 1483 515 1532 atque
541 1470 778 1533 equidem,
811 1484 1023 1517 extremo
1050 1470 1097 1515 ni
1124 1470 1216 1516 iam
1242 1470 1326 1516 sub
1353 1470 1446 1516 fine
1472 1470 1687 1516 laborum

307 1537 409 1582 vela
434 1538 612 1583 traham
640 1550 686 1583 et
713 1537 843 1583 terris
874 1537 1095 1583 festinem
1123 1537 1362 1583 advertere
1388 1553 1590 1598 proram,

307 1603 502 1649 forsitan
531 1616 590 1661 et,
618 1604 816 1666 pingues
844 1605 1002 1650 hortos
1030 1621 1146 1666 quae
1173 1620 1284 1650 cura
1309 1603 1498 1650 colendi

307 1683 509 1726 ornaret,
537 1687 771 1726 canerem,
799 1670 1033 1732 biferique
1061 1670 1227 1716 rosaria
1255 1670 1423 1744 Paesti,

307 1753 495 1799 quoque
521 1737 662 1783 modo
684 1736 805 1810 potis
833 1737 1095 1797 gauderent
1121 1737 1271 1782 intiba
1297 1736 1404 1782 rivis
1679 1762 1739 1782 120

308 1816 354 1848 et
379 1802 549 1848 virides
576 1803 679 1865 apio
704 1803 848 1865 ripae,
882 1816 1120 1865 tortusque
1146 1820 1228 1865 per
1255 1804 1447 1850 herbam

308 1883 538 1915 cresceret
562 1869 611 1915 in
639 1883 853 1915 ventrem
883 1870 1133 1926 cucumis,
1171 1886 1259 1916 nec
1287 1887 1384 1916 sera
1411 1883 1680 1916 comantem

307 1935 563 1982 narcissum
589 1949 669 1982 aut
694 1935 804 1982 flexi
833 1936 1085 1982 tacuissem
1111 1936 1272 1982 vimen
1299 1936 1486 1983 acanthi

306 2002 631 2064 pallentesque
658 2003 850 2048 hederas
882 2016 928 2048 et
956 2016 1162 2049 amantes
1190 2003 1326 2049 litora
1352 2016 1544 2065 myrtos.

306 2085 511 2143 namque
539 2069 621 2115 sub
649 2069 878 2115 Oebaliae
909 2069 1105 2115 memini
1132 2086 1208 2116 me
1235 2070 1440 2116 turribus
1467 2070 1585 2127 altis,

307 2153 397 2197 qua
424 2136 557 2196 niger
584 2149 793 2182 umectat
819 2135 1045 2182 flaventia
1073 2137 1202 2183 culta
1227 2136 1468 2195 Galaesus,

307 2201 566 2263 Corycium
591 2202 759 2248 vidisse
788 2219 964 2259 senem,
994 2203 1071 2250 cui
1100 2220 1249 2265 pauca
1274 2203 1430 2250 relicti

306 2268 463 2328 iugera
489 2269 603 2314 ruris
631 2282 776 2326 erant,
806 2286 894 2316 nec
925 2270 1093 2317 fertilis
1120 2270 1202 2316 illa
1228 2270 1440 2316 iuvencis

307 2351 396 2380 nec
422 2335 579 2396 pecori
606 2349 873 2397 opportuna
903 2353 1030 2396 seges
1059 2354 1148 2383 nec
1176 2336 1424 2383 commoda
1449 2336 1653 2382 Baccho·

305 2400 383 2446 hic
410 2418 564 2447 rarum
591 2415 749 2447 tamen
776 2402 824 2448 in
853 2402 1009 2448 dumis
1036 2403 1174 2448 holus
1199 2403 1397 2464 albaque
1423 2402 1604 2448 circum
1677 2426 1735 2455 130

306 2467 405 2513 lilia
431 2468 751 2529 verbenasque
778 2486 997 2530 premens
1025 2485 1310 2531 vescumque
1335 2485 1554 2531 papaver,

307 2550 469 2594 regum
495 2535 723 2596 aequabat
749 2552 859 2596 opes
889 2535 1072 2592 animis,
1101 2552 1293 2597 seraque
1318 2548 1556 2581 revertens

307 2613 445 2646 nocte
471 2600 665 2646 domum
691 2600 887 2662 dapibus
915 2618 1098 2647 mensas
1123 2601 1351 2647 onerabat
1375 2601 1615 2663 inemptis.

310 2666 484 2728 primus
510 2683 616 2713 vere
642 2684 791 2713 rosam
821 2681 959 2729 atque
986 2681 1214 2714 autumno
1239 2684 1427 2731 carpere
1453 2685 1609 2731 poma,

720 2754 791 2779 112
821 2743 932 2782 tinos.
1048 2754 1116 2793 125
1149 2745 1254 2783 arcis.
