1861 3256
543 258 816 296 AENEIDOS
846 258 949 296 LIB.
978 259 1020 296 ΙΙ
1466 270 1538 307 117

101 385 180 415 seu
205 383 386 414 versare
411 365 557 422 dolos,
583 382 662 411 seu
689 378 844 411 certae
870 366 1154 412 occumbere
1181 364 1336 412 morti.

101 434 311 498 undique
337 432 515 482 visendi
541 431 696 478 studio
723 431 935 478 Troiana
960 432 1181 479 iuventus

99 502 385 548 circumfusa
408 500 515 556 ruit,
544 511 821 561 certantque
847 498 1065 546 inludere
1091 513 1242 562 capto.

99 568 260 630 accipe
287 585 416 614 nunc
442 567 666 614 Danaum
692 565 895 622 insidia5‚
925 579 970 612 et
996 567 1197 613 crimine
1224 566 1281 612 ab
1307 583 1402 613 uno

98 635 226 682 disce
251 652 430 681 omneS.

99 719 303 765 namque
331 715 382 748 ut
408 713 664 762 conspectu
690 699 739 745 in
765 699 922 746 medio
948 699 1194 746 turbatus
1183 701 1375 746 mermis

100 769 329 825 constitit,
356 783 494 832 atque
521 767 670 814 oculis
698 766 899 828 Phrygia
924 767 1111 827 agmina
1137 767 1512 829 circumspexit:

68 837 206 893 ‘heu‚
244 853 360 899 quae
405 852 535 882 nunc
581 831 753 889 tellus‚’
789 833 959 897 inquit,
1001 839 1147 897 ‘quae
1185 851 1260 881 me
1304 851 1504 897 aequora

233 916 428 965 possunt

99 969 341 1032 accipere.
335 973 348 1004 Ρ
385 983 464 1016 aut
489 968 639 1032 quid
628 985 720 1014 iam
746 968 915 1014 misero
936 967 1053 1014 mihi
1074 968 1279 1031 denique
1301 983 1456 1025 restat,
1499 993 1540 1023 70

99 1037 177 1083 cui
202 1054 357 1099 neque
384 1037 507 1099 apud
537 1036 727 1083 Danaos
753 1053 950 1099 usquam
977 1036 1120 1091 locus,
1149 1049 1196 1082 et
1222 1053 1359 1098 super
1384 1035 1469 1097 ipsi

96 1103 399 1151 Dardanidae
425 1103 597 1150 infensi
624 1120 797 1166 poenas
824 1120 936 1150 cum
964 1103 1188 1163 sanguine
1213 1116 1448 1165 poscunt.
1442 1100 1481 1136 >'

98 1189 192 1235 quo
216 1171 395 1232 gemitu
416 1171 636 1217 conversi
663 1170 826 1229 animi,
854 1187 1146 1233 compressus
1172 1183 1218 1216 et
1243 1169 1394 1216 omnis

98 1239 319 1300 impetus,
390 1239 633 1285 hortamur
658 1237 742 1284 fari
769 1259 783 1295 ;
820 1256 915 1302 quo
941 1237 1168 1299 sanguine
1193 1249 1365 1294 cretUS‚

98 1306 273 1369 quidve
301 1305 434 1363 ferat,
460 1318 708 1363 memoret,
734 1323 853 1368 quae
880 1305 937 1351 sit
963 1304 1135 1351 fiducia
1161 1317 1312 1366 capt0.

99 1373 180 1419 ille
207 1374 342 1430 haec,
367 1373 578 1434 deposita
607 1373 801 1419 tandem
827 1372 1099 1429 formidine,
1125 1372 1248 1418 fatur
1275 1390 1285 1418 ε

169 1445 371 1486 ‘cuncta
397 1440 620 1502 equidem
647 1440 750 1497 tibi,
776 1457 872 1495 rex,
901 1439 1042 1486 fuerit
1069 1439 1422 1502 quodcumque,

268 1507 450 1553 fatebor

101 1572 237 1631 vera,’
261 1574 433 1637 inquit,
461 1579 474 1599 ‘
491 1591 647 1637 neque
673 1591 748 1621 me
773 1573 999 1635 Argolica
1024 1573 1080 1619 de
1107 1587 1247 1634 gente
1273 1573 1454 1633 negabo
1479 1591 1489 1619 :

98 1643 189 1687 hoc
217 1641 425 1703 primum
451 1661 465 1698 ;
502 1657 610 1698 nec,
637 1641 671 1687 si
697 1641 922 1687 miserum
949 1641 1158 1686 Fortuna
1187 1639 1415 1685 Sinonem

99 1708 253 1765 finxit,
275 1725 450 1754 vanum
472 1708 614 1754 etiam
633 1707 1010 1771 mendacemque
1037 1706 1235 1768 inproba
1261 1706 1423 1768 finget.
1501 1721 1543 1752 80

99 1775 242 1821 fando
267 1775 459 1838 aliquod
483 1774 518 1820 si
546 1775 667 1821 forte
694 1788 794 1821 tuas
819 1773 1036 1837 pervenit
1062 1774 1119 1820 ad
1144 1791 1274 1821 aures

99 1842 292 1889 Belidae
317 1859 493 1887 nomen
523 1842 782 1888 Palamedis
808 1855 855 1888 et
881 1841 1062 1888 incluta
1089 1841 1211 1887 fama

97 1909 257 1970 gloria,
286 1926 429 1972 quem
455 1909 567 1955 falsa
593 1909 677 1955 sub
703 1908 971 1971 proditione
1000 1908 1179 1969 Pelasgi

97 1977 337 2023 insontem
362 1976 558 2022 infando
583 1975 778 2033 indicio,
807 1976 915 2039 quia
941 1976 1066 2022 bella
1090 1975 1294 2033 vetabat,

97 2043 330 2090 demisere
356 2043 480 2099 neci,
508 2060 639 2090 nunc
667 2060 849 2090 cassum
876 2043 1058 2089 lumine
1085 2043 1291 2117 lugent;

99 2110 170 2157 illi
196 2128 272 2157 me
298 2110 525 2157 comitem
552 2124 598 2157 et
624 2110 1030 2186 consanguinitate
1056 2110 1378 2172 propinquum

99 2195 279 2240 pauper
304 2178 353 2224 in
381 2195 507 2224 arma
531 2191 663 2241 pater
687 2178 849 2240 primis
875 2179 969 2224 huc
997 2177 1124 2224 misit
1149 2176 1205 2223 ab
1232 2176 1381 2224 annis.

100 2245 212 2291 dum
239 2245 387 2292 stabat
410 2262 556 2305 regno
581 2245 849 2303 incolumis,
878 2261 1138 2308 regumque
1164 2243 1351 2304 vigebat

102 2312 323 2370 consiliis,
352 2326 399 2359 et
424 2329 507 2358 nos
534 2312 726 2376 aliquod
750 2329 1025 2375 nomenque
1051 2312 1290 2374 decusque

101 2378 338 2453 gessimus.
409 2380 586 2427 invidia
608 2394 857 2443 postquam
883 2379 1076 2442 pellacis
1104 2378 1312 2425 Ulixi—
1501 2401 1543 2433 90

102 2445 263 2490 haud
252 2460 408 2505 ignota
433 2447 845 2523 loquor—superis
873 2446 1106 2494 concessit
1132 2445 1187 2492 ab
1213 2446 1319 2503 oris,

104 2510 316 2558 adflictus
341 2513 484 2561 vitam
515 2515 564 2561 in
591 2515 796 2562 tenebris
822 2515 1053 2578 luctuque
1079 2483 1335 2570 trahebam,

105 2591 152 2624 et
177 2594 334 2625 casum
358 2579 552 2628 insontis
578 2599 771 2629 mecum
796 2582 1072 2643 indignabar
1097 2581 1253 2627 amici.

105 2661 195 2690 nec
222 2645 347 2691 tacui
372 2646 602 2694 demens·
590 2669 604 2705 ;
641 2663 687 2696 et
712 2667 803 2707 me,
831 2650 923 2695 fors
955 2649 991 2695 si
1018 2666 1108 2713 qua
1133 2648 1328 2703 tulisset,

105 2711 141 2758 si
167 2711 336 2774 patrios
362 2729 585 2776 umquam
609 2733 889 2762 remeassem
915 2715 1066 2762 victor
1092 2715 1149 2761 ad
1172 2716 1334 2774 Argos,

498 2790 547 2838 76
578 2792 752 2830 omitted.
810 2792 859 2841 89
890 2792 1075 2830 conciliis.
