1861 3256
597 237 873 276 AENEIDOS
905 238 1008 277 LIB.
1036 238 1079 276 II
1524 252 1594 288 137

121 351 135 372 ⁴
155 346 272 410 quid
298 358 485 393 tantum
510 345 678 390 insano
704 344 834 390 iuvat
860 345 1109 407 indulgere
1135 344 1304 403 dolori,

153 431 181 459 ο
207 413 360 460 dulcis
388 411 636 460 coniunx?
673 428 772 456 non
798 412 916 458 haec
945 413 1046 459 sine
1073 412 1273 459 numine
1299 410 1460 458 divom

154 480 415 527 eveniunt:
452 496 541 525 nec
570 491 616 524 te
641 477 756 524 hinc
784 478 1011 525 comitem
1038 492 1277 542 asportare
1306 479 1536 526 Creusam

152 548 218 593 fas
245 560 325 593 aut
351 547 434 592 ille
459 545 572 591 sinit
597 544 753 607 superi
780 558 1001 605 regnator
1029 546 1246 609 Olympi.
1533 570 1593 600 779

151 614 293 674 longa
319 613 405 660 tibi
433 612 612 670 exsilia,
642 624 688 658 et
713 624 897 657 vastum
924 629 1040 658 mari
1047 631 1064 658 s
1091 631 1267 676 aequor
1293 613 1538 671 arandum,

153 694 200 726 et
226 693 398 727 terram
425 678 713 742 Hesperiam
738 678 915 736 venies,
945 680 1024 725 ubi
1050 680 1229 742 Lydius
1258 698 1365 726 arva

150 747 279 793 inter
304 747 462 810 opima
486 746 640 792 virum
667 745 766 792 leni
794 745 901 792 fluit
927 746 1114 807 agmine
1143 748 1258 809 Thy
1247 747 1384 793 bris·
1373 767 1386 804 ;

151 813 253 860 illic
281 831 351 860 res
379 814 530 860 laetae
555 829 851 876 regnumque
879 826 925 859 et
950 813 1076 874 regia
1104 814 1316 860 coniunx

149 894 283 943 parta
309 880 428 927 tibi·
415 900 429 936 ;
467 880 681 926 lacrimas
708 880 916 926 dilectae
941 881 1071 942 pelle
1100 881 1323 928 Creusae.

150 964 250 993 non
278 964 362 1008 ego
391 947 761 1009 Myrmidonum
788 947 920 993 sedes
944 947 1254 1009 Dolopumve
1282 947 1503 1010 superbas

150 1013 392 1076 aspiciam,
420 1027 501 1060 aut
529 1013 668 1060 Grais
695 1013 920 1060 servitum
948 1015 1174 1061 matribus
1201 1015 1294 1073 ibo,

148 1080 404 1139 Dardanis,
433 1094 480 1128 et
505 1081 643 1128 divae
670 1081 875 1128 Veneris
902 1099 1077 1128 nurus:

149 1147 231 1194 sed
257 1165 334 1194 me
359 1165 528 1210 magna
556 1148 700 1195 deum
729 1149 967 1195 Genetrix
993 1148 1065 1194 his
1091 1148 1280 1194 detinet
1304 1147 1411 1194 oris.

148 1214 340 1278 iamque
365 1215 486 1273 vale,
517 1229 564 1262 et
589 1216 689 1261 nati
717 1233 847 1262 serva
875 1215 1141 1262 communis
1170 1215 1413 1261 amorem.'

147 1283 264 1329 haec
304 1282 384 1329 ubi
423 1283 551 1330 dicta
588 1283 737 1340 dedit,
777 1283 1110 1329 lacrimantem
1149 1295 1196 1329 et
1238 1282 1391 1328 multa
1426 1281 1593 1328 volen-

283 1364 382 1396 tem
1533 1372 1595 1404 790

150 1416 310 1463 dicere
337 1416 561 1474 deseruit,
590 1430 854 1479 tenuesque
880 1416 1073 1463 recessit
1099 1416 1149 1462 in
1177 1433 1324 1463 auras.

150 1496 222 1530 ter
249 1497 447 1530 conatus
474 1484 539 1530 ibi
568 1484 694 1530 collo
721 1484 832 1530 dare
858 1483 1081 1530 bracchia
1108 1483 1321 1539 circum3

150 1563 221 1597 ter
247 1551 418 1598 frustra
445 1568 724 1614 comprensa
751 1567 917 1597 manus
947 1550 1112 1611 effugit
1137 1550 1308 1610 image,

146 1635 232 1681 par
257 1618 442 1665 levibus
467 1618 638 1675 ventis,
666 1618 947 1680 volucrique
974 1617 1218 1663 simillima
1244 1632 1426 1663 somno.

148 1685 212 1732 sic
241 1685 436 1731 demum
462 1685 611 1731 socios
638 1698 922 1747 consumpta
949 1696 1092 1730 nocte
1119 1682 1287 1730 reviso.

215 1765 357 1826 atque
383 1751 462 1798 hic
489 1751 737 1812 ingentem
765 1750 999 1797 comitum
1026 1749 1279 1797 adfluxisse
1305 1766 1539 1797 novorum

145 1818 343 1865 invenio
369 1818 606 1865 admirans
633 1834 905 1876 numerum,
934 1831 1202 1881 matresque
1229 1817 1466 1881 virosque,

146 1886 400 1932 collectam
429 1885 594 1932 exsilio
620 1886 813 1948 pubem,
842 1856 1112 1932 miserabile
1138 1886 1321 1946 vulgus.

146 1953 360 2016 undique
387 1969 674 2010 convenere,
702 1952 873 1999 animis
901 1952 1166 2015 opibusque
1191 1951 1360 2015 parati,

144 2019 195 2066 in
223 2037 547 2083 quascumque
572 2019 719 2067 velim
746 2020 914 2082 pelago
941 2020 1180 2066 deducere
1208 2033 1369 2066 terras.
1532 2033 1594 2065 800

144 2086 336 2150 iamque
361 2087 480 2148 iugis
506 2104 717 2134 summae
744 2088 963 2148 surgebat
988 2086 1186 2133 Lucifer
1212 2087 1343 2144 Idae,

145 2154 447 2218 ducebatque
474 2154 635 2210 diem3
671 2154 925 2217 Danaique
952 2154 1136 2200 obsessa
1163 2154 1397 2200 tenebant

144 2220 313 2268 limina
337 2234 599 2284 portarum,
628 2237 717 2268 nec
744 2238 846 2283 spes
872 2220 974 2283 opis
1001 2221 1099 2267 ulla
1125 2221 1356 2267 dabatur:

146 2288 276 2346 cessi,
306 2301 352 2335 et
377 2288 563 2335 sublato
590 2300 776 2335 montes
802 2287 1019 2349 genitore
1043 2286 1237 2351 petivi.''

227 2376 303 2427 778
335 2391 367 2415 c.
388 2376 479 2414 hinc
499 2383 659 2426 portare.
689 2376 782 2414 hinc
804 2383 1006 2427 asportare.
1120 2376 1195 2426 783
1229 2389 1285 2413 res
1307 2376 1439 2414 Italae.
