1861 3256
270 263 341 299 162
714 261 758 300 P.
787 259 1022 299 VERGILI
1051 261 1312 300 MARONIS

334 368 448 431 quin
474 367 630 430 potius
655 382 824 429 pacem
850 378 1088 413 aeternam
1112 380 1366 430 pactosque
1390 368 1679 428 hymenaeos

336 435 646 481 exercemus?
682 431 841 489 habeS,
869 443 967 478 tota
991 434 1118 496 quod
1143 446 1306 480 mente
1330 432 1491 494 petisti
1517 450 1528 478 ε
1691 457 1752 479 100

335 501 465 546 ardet
491 514 649 544 amans
675 497 805 543 Dido
831 498 1065 561 traxitque
1089 516 1174 562 per
1192 517 1290 546 ossa
1315 499 1537 544 furorem.

335 580 640 612 communem
665 564 795 610 hunc
823 580 932 624 ergo
955 567 1188 628 populum
1213 565 1495 627 paribusque
1520 580 1733 625 regamus

335 630 548 692 auspiciis
570 651 585 686 ;
623 629 764 676 liceat
792 629 993 692 Phrygio
1018 632 1188 677 servire
1213 631 1397 686 marito,

334 697 610 758 dotalesque
636 708 744 742 tuae
772 695 944 758 Tyrios
967 697 1240 760 permittere
1265 696 1490 743 dextrae.'

401 761 699 808 olli—sensit
725 761 853 808 enim
880 762 1092 810 simulata
1118 776 1281 809 mente
1307 764 1528 820 locutam,

336 846 428 891 quo
453 845 651 889 regnum
676 828 844 875 Italiae
870 828 1071 891 Libycas
1096 842 1324 876 averteret
1348 846 1517 875 oras—-

336 896 400 941 sic
426 907 590 941 contra
617 909 683 942 est
708 894 910 956 ingressa
935 894 1102 942 Venus
1126 914 1135 942 :
1175 902 1187 920 ‘
1204 895 1305 958 quis
1332 896 1443 942 talia
1467 895 1664 942 demens

337 962 523 1018 abnuat,
551 974 630 1007 aut
657 974 816 1008 tecum
842 961 976 1008 malit
1001 962 1294 1009 contendere
1319 962 1464 1020 bello,

337 1028 369 1073 si
397 1028 555 1083 modo,
579 1027 707 1090 quod
732 1044 974 1085 memoras,
1003 1028 1180 1075 factum
1207 1027 1394 1075 fortuna
1421 1031 1678 1090 sequatur?

337 1094 414 1140 sed
441 1093 544 1140 fatis
570 1093 751 1140 incerta
777 1093 915 1151 feror,
941 1094 977 1140 si
1003 1095 1220 1157 Iuppiter
1244 1111 1386 1141 unam
1696 1117 1756 1139 110

338 1177 433 1206 esse
458 1160 575 1206 velit
602 1159 760 1221 Tyriis
788 1160 952 1206 urbem
980 1161 1222 1224 Troiaque
1248 1161 1485 1223 profectis,

337 1227 580 1272 miscerive
604 1227 773 1289 probet
797 1226 1012 1288 popuIOS,
1041 1240 1119 1273 aut
1144 1227 1334 1273 foedera
1359 1226 1506 1287 iungi.

338 1307 387 1339 tu
414 1292 625 1339 coniunx
650 1313 662 1349 3
700 1292 783 1339 tibi
812 1292 879 1338 fas
904 1293 1115 1339 animum
1142 1305 1371 1355 temptare
1395 1294 1648 1355 precando.

338 1376 476 1421 perge
501 1380 513 1415 3
549 1359 747 1421 sequar.'
818 1371 919 1405 tum
945 1359 1008 1405 sic
1037 1359 1225 1422 excepit
1249 1359 1373 1418 regia
1396 1359 1520 1404 Iuno
1544 1377 1554 1405 :

339 1442 527 1472 mecum
548 1425 635 1472 erit
654 1425 741 1472 iste
766 1425 912 1472 labor.
974 1442 1100 1472 nunc
1123 1443 1212 1488 qua
1229 1425 1428 1481 ratione,
1445 1425 1572 1487 quod
1596 1424 1753 1480 instat,

339 1491 531 1538 confieri
556 1491 714 1554 possit,
740 1491 915 1555 paucis,
943 1492 1149 1549 adverte,
1177 1491 1374 1538 docebo.

338 1572 561 1604 venatum
586 1561 772 1606 Aeneas
800 1575 989 1622 unaque
1015 1558 1273 1604 miserrima
1296 1557 1426 1606 Dido

338 1627 386 1670 in
414 1642 579 1672 nemus
606 1625 672 1671 ire
697 1638 880 1688 parant,
908 1625 987 1671 ubi
1013 1625 1186 1688 primos
1214 1625 1441 1671 crastinus
1465 1636 1590 1670 ortus

340 1692 562 1738 extulerit
588 1692 738 1738 Titan
765 1692 1000 1754 radiisque
1025 1691 1248 1738 retexerit
1273 1692 1452 1738 orbem.

338 1758 406 1804 his
435 1775 518 1819 ego
545 1758 812 1818 nigrantem
839 1758 1095 1804 commixta
1121 1757 1349 1818 grandine
1375 1757 1610 1812 nimbum,
1698 1780 1760 1802 120

338 1825 450 1870 dum
478 1824 717 1887 trepidant
742 1825 859 1880 alae,
885 1824 1122 1887 saltusque
1147 1824 1369 1884 indagine
1395 1823 1606 1883 cingunt,

338 1892 539 1953 desuper
563 1890 832 1948 infundam,
861 1903 907 1936 et
933 1890 1111 1937 tonitru
1139 1891 1323 1937 caelum
1348 1906 1489 1936 omne
1515 1888 1668 1935 cieb0.

339 1957 588 2017 diffugient
613 1957 824 2014 comites,
853 1969 900 2003 et
926 1970 1067 2003 nocte
1094 1969 1312 2017 tegentur
1336 1973 1480 2018 opaca
1502 1973 1512 2001 :

339 2024 614 2085 speluncam
639 2023 769 2070 Dido
794 2024 889 2069 dux
918 2036 964 2069 et
990 2023 1227 2069 Troianus
1255 2022 1454 2068 eandem

338 2089 611 2136 devenient.
684 2090 838 2147 adero,
867 2102 930 2146 et,
957 2103 1034 2136 tua
1061 2089 1095 2134 si
1123 2089 1240 2135 mihi
1267 2102 1393 2135 certa
1419 2088 1650 2144 voluntas,

339 2156 543 2202 conubio
569 2156 759 2216 iungam
786 2155 938 2202 stabili
964 2155 1296 2219 propriamque
1322 2154 1505 2201 dicabo,

338 2223 415 2269 hic
442 2224 733 2284 hymenaeus
760 2222 879 2269 erit.’
951 2239 1048 2268 non
1076 2221 1314 2268 adversata
1335 2220 1521 2283 petenti

339 2289 520 2345 adnuit,
546 2302 683 2352 atque
708 2288 828 2335 dolis
852 2288 950 2335 risit
979 2288 1217 2350 Cytherea
1241 2287 1450 2349 repertis.

407 2356 659 2402 Oceanum
683 2355 863 2402 interea
890 2372 1082 2415 surgens
1105 2356 1286 2401 Aurora
1311 2352 1520 2414 reliquit.

339 2421 375 2467 it
399 2421 542 2482 portis
567 2421 728 2468 iubare
755 2434 920 2467 exorto
944 2421 1132 2467 delecta
1156 2421 1373 2466 iuventus
1396 2437 1407 2465 :
1703 2440 1766 2472 130

339 2487 455 2533 retia
480 2504 594 2543 rara,
618 2488 799 2548 plagae,
826 2487 923 2532 lato
947 2487 1181 2533 venabula
1207 2487 1343 2542 ferro,

342 2552 633 2615 Massylique
658 2565 803 2599 ruunt
831 2553 1025 2615 equiteS,
1054 2566 1101 2599 et
1125 2552 1267 2598 odora
1293 2568 1465 2598 canum
1489 2551 1574 2596 vis.

339 2619 548 2680 reginam
576 2619 784 2665 thalamo
810 2630 1119 2665 cunctantem
1145 2618 1201 2664 ad
1227 2618 1393 2664 limina
1417 2616 1555 2679 primi

343 2684 609 2732 Poenorum
634 2698 927 2747 exspectant,
955 2698 1174 2747 ostroque
1199 2684 1393 2745 insignis
1419 2696 1466 2729 et
1490 2698 1603 2729 auro

723 2761 793 2799 118
825 2762 981 2810 primus.
1043 2773 1114 2810 127
1146 2767 1323 2799 aversata.
