1866 3208
294 231 339 269 P.
367 228 602 268 VERGILI
631 227 890 266 MARONIS
919 228 1192 266 AENEIDOS
1221 229 1325 268 LIB.
1352 228 1415 267 VI
1530 239 1605 278 205

184 337 424 399 Pasiphae,
449 335 752 397 mixtumque
777 352 923 396 genus
947 336 1196 399 prolesque
1222 334 1431 382 biformis

180 404 484 451 Minotaurus
510 401 648 460 inest,
675 401 876 448 Veneris
903 404 1200 450 monimenta
1225 402 1457 449 nefandae
1479 423 1494 459 ;

179 471 258 517 hic
285 470 415 517 labor
439 469 521 515 ille
547 469 713 514 domus
741 481 787 514 et
812 468 1153 516 inextricabilis
1181 487 1307 516 error
1331 490 1344 526 ;

179 553 404 598 magnum
428 536 615 596 reginae
642 535 723 581 sed
749 535 878 581 enim
903 536 1146 583 miseratus
1173 553 1380 583 amorem

180 603 418 652 Daedalus
443 602 542 664 ipse
566 602 696 648 dolos
723 602 837 648 tecti
866 603 1174 666 ambagesque
1198 603 1407 662 resolvit,

181 687 321 718 caeca
344 686 510 730 regens
535 669 616 716 filo
640 669 852 730 vestigia.
925 683 976 715 tu
1004 687 1193 732 quoque
1218 686 1436 731 magnam
1568 694 1610 725 30

179 749 360 800 partem
385 753 528 800 opere
553 736 602 783 in
630 749 777 794 tant0‚
806 735 982 782 sineret
1008 737 1155 794 dolor,
1183 738 1330 795 Icare,
1356 737 1567 783 haberes.

179 804 250 851 bis
275 816 472 850 conatus
499 816 595 850 erat
621 820 751 849 casus
780 803 1000 864 effingere
1026 803 1076 849 in
1104 821 1214 849 auro
1238 825 1251 860 ;

179 871 249 918 bis
275 870 455 933 patriae
481 870 698 917 cecidere
724 886 907 917 manus
980 870 1096 933 quin
1122 871 1337 932 protinus
1363 870 1524 917 omnia

178 938 480 1001 perlegerent
505 936 670 995 oculis,
698 936 747 983 ni
774 937 866 982 iam
891 936 1168 999 praemissus
1192 938 1400 984 Achates

181 1005 376 1062 adforet,
404 1017 544 1066 atque
571 1020 664 1050 una
691 1003 872 1050 Phoebi
901 1003 1188 1067 Triviaeque
1214 1004 1439 1061 sacerdos,

180 1071 438 1133 Deiphobe
462 1070 654 1128 Glauci,
682 1071 809 1117 fatur
835 1088 954 1134 quae
982 1070 1091 1117 talia
1115 1071 1209 1132 regi
1236 1089 1247 1118 :

150 1142 163 1164 ‘
182 1155 280 1184 non
306 1139 396 1184 hoc
421 1137 508 1184 ista
534 1137 621 1184 sibi
648 1150 836 1200 tempus
865 1138 1133 1200 spectacula
1156 1137 1308 1200 poscit
1329 1159 1343 1195 3

183 1221 313 1251 nunc
340 1221 476 1265 grege
502 1204 561 1251 de
587 1204 770 1251 intacto
797 1218 979 1268 septem
1004 1217 1211 1251 mactare
1236 1204 1463 1252 iuvencos

182 1272 482 1334 praestiterit,
509 1271 710 1318 totidem
737 1272 882 1318 lectas
910 1272 967 1318 de
993 1288 1121 1318 more
1147 1271 1396 1319 bidentes.’

182 1339 356 1386 talibus
381 1337 534 1385 adfata
555 1339 916 1385 Aenean—nec
944 1356 1070 1385 sacra
1094 1352 1338 1385 morantur
1575 1363 1617 1393 40

184 1405 304 1451 iussa
327 1405 702 1451 viri—Teucros
728 1418 866 1451 vocat
893 1405 985 1451 alta
1009 1405 1060 1451 in
1087 1406 1266 1468 templa
1291 1405 1519 1454 sacerdos,

253 1470 464 1518 excisum
491 1471 733 1518 Euboicae
760 1472 882 1518 latus
908 1471 1072 1533 ingens
1097 1472 1225 1535 rupis
1251 1472 1301 1518 in
1328 1485 1532 1530 antrum,

185 1556 280 1602 quo
306 1538 388 1584 lati
414 1538 599 1585 ducunt
625 1538 774 1585 aditus
802 1551 1014 1597 centum,
1041 1539 1158 1586 ostia
1185 1552 1417 1596 centum3

186 1605 313 1717 ungle
338 1617 485 1652 ruunt
510 1605 708 1652 totidem
736 1622 890 1662 Voces,
916 1623 1134 1667 responsa
1161 1605 1383 1667 Sibyllae.

184 1689 241 1718 ve
281 1684 382 1718 tum
409 1683 506 1719 erat
531 1671 588 1718 ad
615 1671 779 1729 limen,
807 1688 918 1718 cum
943 1672 1087 1732 virgo,
1117 1676 1336 1734 ‘poscere
1362 1672 1456 1719 fata

183 1738 403 1802 tempuS,'
429 1738 530 1796 ait3
568 1736 727 1796 ‘deus,
753 1755 885 1795 ecce,
910 1738 1024 1785 deus
1049 1739 1057 1786 !
1081 1738 1093 1758 '
1132 1738 1210 1785 cui
1237 1739 1348 1785 talia
1374 1739 1491 1786 fanti

184 1818 292 1851 ante
317 1805 440 1852 fores
465 1803 622 1852 subito
646 1822 744 1853 non
772 1805 948 1864 vultus,
976 1822 1072 1851 non
1100 1806 1230 1852 color
1255 1822 1391 1864 unus,

185 1889 282 1919 non
309 1884 529 1935 comptae
553 1888 765 1918 mansere
795 1888 989 1930 comae3
1026 1872 1107 1918 sed
1131 1886 1296 1934 pectus
1322 1874 1564 1931 anhelum,

186 1952 234 1986 et
258 1938 386 1985 rabie
412 1938 511 1985 fera
536 1938 673 1986 corda
699 1952 890 1986 tument
914 1959 927 1996 3
964 1939 1209 2003 maiorque
1234 1939 1381 1986 videri

186 2021 276 2052 nec
301 2005 499 2052 mortale
525 2022 712 2062 sonans,
739 2005 911 2053 adflata
939 2019 1008 2052 est
1035 2005 1234 2053 numine
1261 2006 1452 2070 quando
1577 2031 1621 2061 50

185 2073 280 2119 iam
303 2071 524 2136 propiore
549 2072 641 2119 dei.
713 2077 727 2097 ‘
747 2089 895 2119 cessas
921 2071 972 2118 in
999 2087 1107 2119 vota
1130 2088 1405 2136 precesque,

187 2137 342 2198 Tros,'
361 2139 441 2197 ait,
464 2142 477 2163 ‘
491 2139 672 2196 Aenea,
693 2156 840 2186 cessas
861 2143 878 2185 ἓ
911 2156 1069 2204 neque
1091 2139 1218 2185 enim
1239 2153 1349 2186 ante
1368 2139 1620 2188 dehiscent

187 2205 417 2252 attonitae
442 2222 611 2267 magna
637 2223 715 2252 ora
740 2204 938 2255 domus?
1012 2220 1059 2253 et
1085 2206 1198 2253 talia
1223 2206 1317 2253 fata

188 2272 439 2320 conticuit.
507 2272 689 2334 gelidus
716 2270 919 2320 Teucris
945 2290 1030 2336 per
1055 2273 1171 2320 dura
1195 2273 1404 2321 cucurrit

188 2357 285 2386 ossa
310 2352 499 2398 tremor,
526 2339 782 2403 funditque
807 2357 971 2404 preces
997 2357 1082 2387 rex
1105 2354 1299 2404 pectore
1325 2341 1382 2388 ab
1407 2340 1533 2388 imo:

156 2410 171 2430 ‘
192 2405 398 2464 Phoebe,
422 2422 580 2467 graves
607 2407 783 2454 Troiae
810 2424 996 2471 semper
1022 2407 1239 2455 miserate
1263 2408 1460 2466 labores,

190 2470 413 2519 Dardana
438 2472 519 2536 qui
549 2472 726 2520 Paridis
753 2474 938 2521 derexti
966 2475 1061 2522 tela
1086 2491 1349 2539 manusque

192 2553 359 2599 corpus
383 2538 434 2585 in
458 2540 710 2598 Aeacidae,
735 2557 925 2602 magnas
953 2542 1181 2589 obeuntia
1207 2555 1348 2589 terras

193 2615 262 2650 tot
285 2604 430 2650 maria
452 2604 622 2653 intravi
649 2607 768 2655 duce
795 2620 844 2654 te
866 2608 1155 2672 penitusque
1181 2623 1385 2672 repostas

195 2668 457 2731 Massylum
481 2684 660 2733 gentes,
684 2686 1024 2737 praetentaque
1053 2675 1267 2737 Syrtibus
1294 2692 1415 2733 arva,
1576 2690 1623 2723 60

550 2759 597 2798 37
628 2756 800 2798 poscunt.
859 2760 907 2800 57
939 2750 1072 2788 direxti
1092 2750 1189 2790 codd.
