1861 3256
229 251 300 290 166
675 251 718 288 P.
747 249 982 288 VERGILI
1012 250 1270 289 MARONIS

291 370 392 404 tum
417 357 593 418 virgam
619 357 902 419 capit—hac
930 358 1104 404 animas
1130 358 1214 405 ille
1241 370 1404 405 evocat
1431 359 1562 405 Orco

287 423 539 486 pallentes,
567 423 678 469 alias
704 423 789 469 sub
816 423 1016 470 Tartara
1042 425 1190 472 tristia
1215 425 1393 481 mittit;

287 490 368 536 dat
394 506 576 536 somnos
604 488 880 552 adimitque,
908 502 954 536 et
979 491 1160 537 lumina
1183 504 1334 537 morte
1359 490 1633 551 resignat—-

286 556 369 602 illa
393 556 539 601 fretus
567 555 659 615 agit
683 569 865 614 ventos,
893 569 939 603 et
965 557 1151 604 turbida
1176 571 1330 604 tranat

286 622 466 669 nubila.
537 621 726 684 iamque
751 623 914 669 volans
941 624 1124 686 apicem
1153 638 1199 671 et
1225 624 1370 670 latera
1397 624 1541 671 ardua
1559 626 1712 672 cernit

284 687 492 734 Atlantis
519 687 640 762 duri,
668 688 855 736 caelum
881 690 960 752 qui
985 691 1164 737 vertice
1190 691 1345 747 fulcit,

283 754 507 811 Atlantis,
534 754 749 801 cinctum
775 755 968 803 adsidue
993 757 1068 803 cui
1096 757 1298 803 nubibus
1325 757 1434 803 atris

282 821 543 883 piniferum
569 834 712 884 caput
740 835 786 868 et
810 836 954 869 vento
977 824 1190 886 pulsatur
1216 837 1262 870 ct
1286 823 1456 870 imbri·
1443 844 1457 879 ;

285 887 368 933 nix
394 904 578 934 umeros
611 888 766 935 infusa
793 889 937 950 tegit:
975 903 1076 936 tum
1101 890 1298 936 flumina
1324 903 1488 936 mento
1652 915 1714 944 250

281 953 598 1028 praecipitant
625 955 762 1011 senis,
793 969 839 1002 et
863 956 1012 1016 glacie
1037 957 1157 1017 riget
1181 956 1368 1003 horrida
1392 957 1551 1003 barba.

281 1020 360 1067 hic
385 1021 592 1083 primum
621 1021 808 1082 paribus
834 1023 992 1069 nitens
1020 1023 1271 1085 Cyllenius
1298 1023 1381 1069 alis

282 1087 527 1144 constitit3
563 1087 678 1134 hinc
706 1100 806 1134 toto
830 1106 1054 1152 praeceps
1080 1107 1128 1136 se
1154 1107 1348 1152 corpore
1374 1090 1431 1136 ad
1459 1089 1607 1136 undas

282 1154 424 1212 misit,
452 1154 523 1200 avi
551 1154 729 1209 similis,
759 1171 878 1217 quae
905 1156 1084 1202 circum
1110 1156 1260 1214 litora,
1288 1157 1468 1203 circum

279 1221 484 1283 piscosos
511 1221 744 1283 scopulos,
765 1221 959 1268 humilis
984 1224 1113 1269 volat
1139 1240 1341 1286 aequora
1365 1223 1513 1270 iuxta.

281 1288 407 1334 haud
434 1288 571 1334 aliter
599 1301 742 1334 terras
768 1287 893 1334 inter
917 1289 1198 1352 caelumque
1222 1290 1411 1335 volabat

281 1354 390 1400 litus
416 1356 702 1400 harenosum
729 1355 787 1400 ad
813 1355 1009 1417 Libyae,
1034 1369 1298 1419 ventosque
1324 1356 1513 1402 secabat

281 1433 496 1467 materno
522 1421 722 1467 veniens
750 1421 807 1467 ab
834 1439 920 1468 avo
946 1422 1171 1484 Cyllenia
1194 1422 1367 1484 proles,

282 1501 333 1534 ut
357 1487 564 1550 primum
592 1488 726 1534 alatis
755 1488 911 1549 tetigit
936 1489 1136 1549 magalia
1161 1488 1350 1551 plantis,

279 1556 478 1601 Aenean
504 1555 793 1601 fundantem
820 1572 946 1602 arces
974 1573 1025 1602 ac
1052 1568 1177 1602 tecta
1204 1568 1461 1601 novantem
1652 1570 1713 1601 260

281 1621 543 1684 conspicit:
583 1636 724 1684 atque
751 1622 822 1668 illi
849 1623 1061 1668 stellatus
1086 1622 1263 1684 iaspide
1289 1622 1419 1668 fulva

282 1688 402 1734 ensis
431 1701 542 1745 erat,
572 1688 821 1751 Tyrioque
848 1688 1041 1735 ardebat
1067 1688 1248 1735 murice
1274 1689 1427 1744 laena,

280 1754 479 1801 demissa
505 1771 562 1800 ex
591 1755 779 1812 umeris,
807 1754 936 1801 dives
963 1772 1083 1818 quae
1109 1772 1306 1801 munera
1331 1754 1462 1801 Dido

280 1821 456 1868 fecerat
484 1834 530 1867 et
558 1821 690 1867 tenui
720 1822 837 1868 telas
862 1821 1149 1868 discreverat
1174 1839 1302 1868 auro.

279 1888 510 1934 continuo
535 1888 720 1934 invadit
742 1907 751 1935 :
791 1892 804 1912 ‘
821 1901 870 1935 tu
898 1906 1028 1935 nunc
1057 1887 1360 1949 Carthaginis
1386 1887 1510 1934 altae

280 1954 595 2000 fundamenta
623 1954 765 2012 locas,
793 1955 1138 2018 pulchramque
1165 1954 1354 2001 uxorius
1381 1955 1548 2000 urbem

281 2020 493 2078 exstruis,
520 2022 613 2067 heu
642 2021 773 2081 regni
801 2038 1054 2084 rerumque
1080 2022 1230 2068 oblite
1256 2024 1476 2067 tuarum?

278 2087 376 2150 ipse
402 2087 545 2133 deum
574 2087 659 2133 tibi
687 2105 764 2134 me
791 2088 918 2134 claro
943 2088 1153 2134 demittit
1179 2088 1393 2149 Olympo

278 2167 511 2215 regnator,
540 2154 728 2201 caelum
757 2167 802 2200 et
831 2168 974 2201 terras
1001 2155 1079 2217 qui
1108 2154 1305 2200 numine
1332 2165 1552 2216 torquet;

278 2221 377 2282 ipse
402 2223 519 2267 haec
549 2222 670 2267 ferre
697 2221 831 2268 iubet
858 2222 1037 2268 celeres
1063 2221 1283 2267 mandata
1308 2238 1392 2284 per
1417 2237 1579 2266 auras:
1651 2243 1712 2274 270

279 2287 393 2350 quid
418 2287 586 2334 struis?
624 2301 702 2334 aut
729 2306 820 2351 qua
847 2305 928 2351 spe
954 2288 1145 2349 Libycis
1171 2288 1281 2334 teris
1306 2286 1403 2333 otia
1428 2285 1591 2333 terris?

278 2354 314 2400 si
340 2366 386 2399 te
413 2355 546 2400 nulla
574 2368 734 2401 movet
760 2368 997 2401 tantarum
1022 2355 1168 2415 gloria
1193 2370 1364 2410 rerum,

279 2437 367 2466 nec
394 2437 533 2483 super
559 2420 657 2482 ipse
686 2435 763 2467 tua
790 2421 968 2467 moliris
995 2421 1133 2467 laude
1159 2421 1383 2476 laborem,

278 2487 537 2533 Ascanium
570 2501 841 2548 surgentem
869 2500 915 2533 et
940 2504 1040 2549 spes
1067 2486 1252 2532 heredis
1278 2486 1372 2532 Iuli
1842 2542 1848 2549 .

280 2553 477 2616 respice,
506 2553 581 2600 cui
609 2571 808 2614 regnum
835 2553 1001 2599 Italiae
1028 2554 1341 2615 Romanaque
1367 2552 1509 2599 tellus
1836 2546 1861 2596 ’3

279 2621 549 2667 debentur.’
622 2620 703 2666 tali
732 2620 982 2681 Cyllenius
1008 2637 1088 2666 ore
1115 2620 1300 2666 locutus
1838 2606 1861 2674 ἶ

281 2687 502 2734 mortales
528 2687 649 2733 visus
676 2687 834 2733 medio
861 2703 1079 2733 sermone
1105 2686 1313 2748 reliquit,

407 2775 427 2801 2
435 2774 481 2814 57
512 2763 740 2801 harenosum
762 2763 913 2813 Libyae.
969 2773 1045 2812 273
1077 2765 1233 2800 omittunt
1252 2763 1348 2801 codd.
1364 2764 1529 2815 plerique.
