1861 3256
235 259 279 296 P.
310 257 546 296 VERGILI
575 257 835 295 MARONIS
866 257 1201 296 GEORGICON
1231 258 1336 295 LIB.
1366 258 1430 294 ΠΙ
1534 268 1583 308 59

147 366 198 412 in
226 365 404 411 foribus
429 380 638 426 pugnam
664 380 723 410 ex
748 381 862 410 auro
887 364 1131 427 solidoque
1157 364 1415 426 elephanto

149 432 476 493 Gangaridum
502 430 673 477 faciam
697 430 985 494 victorisque
1012 449 1139 478 arma
1165 431 1377 494 Qirini,

148 513 288 561 atque
314 499 393 545 hic
419 498 681 545 undantem
709 497 834 543 bello
860 514 1181 562 magnumque
1206 498 1438 546 fluentem

148 566 336 622 Nilum,
365 583 417 612 ac
445 565 598 612 navali
626 578 862 626 surgentes
889 582 991 611 aere
1018 566 1278 613 columnas.

145 634 313 679 addam
340 633 475 680 urbes
501 633 639 679 Asiae
669 631 866 678 domitas
888 633 1175 696 pulsumque
1201 633 1451 696 Niphaten
1544 658 1586 688 30

148 700 471 764 fidentemque
497 701 607 762 fuga
634 700 859 746 Parthum
883 699 1122 762 versisque
1151 701 1340 761 sagittis,

147 781 192 814 et
218 768 314 814 duo
340 782 471 830 rapta
494 784 637 814 manu
664 767 848 813 diverso
875 783 931 812 ex
957 768 1091 813 hoste
1118 780 1305 830 tropaea

145 835 309 898 bisque
335 835 646 897 triumphatas
671 847 870 896 utroque
898 834 954 879 ab
980 834 1117 880 litore
1143 848 1323 895 gentes.

83 922 86 923 ⁷
145 902 334 949 stabunt
361 916 406 948 et
436 902 557 948 Parii
585 901 778 963 lapides,
807 901 1030 963 spirantia
1056 901 1201 963 signa,

142 969 352 1015 Assaraci
377 970 532 1031 proles
557 969 878 1031 demissaeque
905 969 963 1014 ab
988 970 1101 1015 Iove
1128 970 1278 1030 gentis

143 1036 356 1093 nomina,
383 1037 600 1100 Trosque
626 1053 796 1098 parens
824 1049 870 1082 et
897 1036 1074 1082 Troiae
1102 1037 1342 1098 Cynthius
1368 1050 1547 1083 auctor.

144 1103 321 1150 invidia
346 1104 515 1150 infelix
543 1104 702 1150 Furias
730 1120 1017 1166 amnemque
1045 1121 1260 1150 severum

145 1171 322 1233 Cocyti
349 1185 531 1218 metuet
556 1185 796 1234 tortosque
823 1171 1005 1217 Ixionis
1033 1188 1208 1232 angues

142 1238 482 1302 inmanemque
507 1252 658 1285 rotam
686 1253 733 1285 et
758 1256 855 1285 non
883 1238 1208 1300 exsuperabile
1233 1254 1415 1285 saxum.

144 1306 326 1352 interea
352 1307 598 1368 Dryadum
626 1306 761 1352 silvas
788 1307 1026 1368 saltusque
1053 1322 1303 1368 sequamur
1543 1330 1584 1359 40

141 1372 360 1430 intactos,
387 1386 483 1430 tua,
512 1374 786 1430 Maecenas,
811 1374 940 1419 haud
965 1373 1128 1419 mollia
1153 1372 1287 1420 iussa.

144 1454 189 1486 te
217 1440 316 1486 sine
343 1440 410 1486 nil
439 1441 587 1486 altum
613 1458 746 1486 mens
772 1440 1004 1497 incohat3
1042 1457 1101 1486 en
1128 1457 1209 1501 age
1236 1456 1400 1501 segnes

142 1524 309 1569 rumpe
335 1525 485 1553 moras
507 1529 521 1565 ;
557 1521 697 1554 vocat
723 1507 905 1568 ingenti
934 1509 1137 1554 clamore
1166 1507 1430 1553 Cithaeron

145 1574 449 1637 Taygetique
476 1591 616 1621 canes
641 1575 966 1637 domitrixque
995 1574 1257 1636 Epidaurus
1285 1591 1515 1637 equorum

143 1654 190 1688 et
215 1659 306 1688 vox
332 1642 527 1688 adsensu
554 1658 805 1688 nemorum
832 1641 1122 1701 ingeminata
1148 1641 1368 1701 remugit.

142 1725 254 1754 mox
281 1713 440 1754 tamen
467 1709 680 1755 ardentes
708 1708 925 1768 accingar
949 1708 1106 1754 dicere
1130 1724 1311 1770 pugnas

142 1775 363 1832 Caesaris,
392 1789 439 1822 et
464 1793 640 1822 nomen
667 1776 790 1821 fama
818 1788 887 1822 tot
913 1775 1033 1821 ferre
1060 1792 1142 1837 per
1167 1793 1330 1833 annos,

142 1843 347 1889 Tithoni
372 1843 527 1905 prima
551 1856 667 1906 quot
693 1843 821 1889 abest
847 1843 903 1889 ab
929 1843 1111 1903 origine
1139 1843 1328 1890 Caesar.

209 1927 289 1957 seu
316 1910 418 1973 quis
447 1910 757 1972 Olympiacae
783 1910 979 1957 miratus
1004 1910 1210 1972 praemia
1234 1911 1419 1972 palmae

137 1978 291 2040 pascit
317 1995 477 2041 equos,
504 1995 584 2024 seu
612 1977 714 2040 quis
741 1978 886 2024 fortes
912 1978 970 2024 ad
995 1991 1146 2024 aratra
1171 1978 1415 2035 iuvencos,
1542 2003 1583 2032 50

140 2062 336 2107 corpora
361 2045 615 2108 praecipue
641 2059 849 2092 matrum
875 2045 1016 2107 legat.
1089 2045 1269 2107 optima
1293 2058 1451 2091 torvae

140 2113 291 2159 forma
317 2112 464 2170 bovis,
490 2113 568 2159 cui
595 2125 734 2175 turpe
762 2126 921 2174 caput,
951 2112 1027 2158 cui
1054 2112 1261 2174 plurima
1286 2111 1463 2169 cervix,

139 2192 187 2225 et
212 2197 406 2227 crurum
432 2193 571 2227 tenus
597 2198 622 2226 a
646 2193 810 2226 mento
837 2180 1040 2242 palearia
1065 2180 1310 2242 pendent3

137 2259 241 2293 tum
266 2248 411 2309 longo
438 2248 597 2294 nullus
624 2247 758 2294 lateri
786 2247 952 2294 modus
975 2268 990 2304 3
1026 2246 1186 2293 omnia
1211 2263 1395 2308 magna,

139 2331 218 2375 pes
247 2315 388 2361 etiam
412 2336 424 2372 ;
463 2328 509 2361 et
535 2315 735 2361 camuris
760 2314 911 2361 hirtae
939 2315 1023 2361 sub
1051 2314 1274 2361 cornibus
1300 2330 1449 2361 aures.

141 2397 228 2428 nec
255 2382 371 2428 mihi
398 2382 646 2445 displiceat
672 2382 869 2428 maculis
897 2382 1093 2443 insignis
1118 2395 1166 2429 et
1191 2383 1313 2440 albo,

141 2461 223 2494 aut
246 2448 354 2509 iuga
379 2449 646 2497 detractans
672 2449 1012 2512 interdumque
1040 2467 1198 2512 aspera
1224 2466 1374 2496 cornu

142 2526 189 2560 et
214 2516 387 2563 faciem
413 2530 544 2563 tauro
568 2517 774 2580 propior,
802 2534 1015 2580 quaeque
1043 2517 1186 2564 ardua
1210 2530 1322 2574 tota,

141 2593 188 2626 et
214 2583 430 2641 gradiens
455 2584 549 2630 ima
573 2584 720 2631 verrit
745 2584 940 2644 vestigia
966 2585 1129 2631 cauda.

140 2660 261 2693 aetas
288 2648 523 2696 Lucinam
548 2651 788 2714 iustosque
814 2651 913 2713 pati
940 2653 1231 2713 hymenaeos
1537 2662 1579 2694 60

141 2714 317 2761 desinit
343 2729 453 2762 ante
478 2717 664 2774 decern,
689 2731 792 2779 post
818 2731 1040 2780 quattuor
1065 2717 1237 2779 incipit
1262 2732 1406 2762 annos
1429 2735 1443 2771 3

424 2795 470 2844 38
502 2796 620 2835 orbes.
733 2808 782 2847 50
811 2804 950 2845 pascet.
1064 2797 1111 2846 56
1142 2796 1221 2835 tibi.
