1861 3256
319 284 393 323 194
780 271 823 309 P.
853 269 1086 310 VERGILI
1116 272 1375 311 MARONIS

383 390 714 425 transcurrunt
739 376 1016 452 crinemque
1041 379 1252 426 volantia
1277 380 1428 426 sidera
1453 380 1655 427 ducunt.

383 443 598 490 attonitis
624 445 816 489 haesere
842 444 1010 491 animis
1036 462 1323 509 superosque
1349 446 1528 508 precati

384 509 625 556 Trinacrii
654 508 934 573 Teucrique
959 510 1076 559 viri:
1114 529 1202 559 nec
1230 513 1462 559 maximus
1488 528 1630 558 omen
1750 538 1812 568 530

383 575 550 622 abnuit
574 575 791 632 Aeneas3
827 576 909 623 sed
935 576 1112 625 laetum
1139 579 1385 641 amplexus
1409 579 1617 624 Acesten

382 640 659 687 muneribus
685 642 900 689 cumulat
924 645 1120 705 magnis,
1149 662 1200 692 ac
1228 645 1339 691 talia
1365 645 1520 691 fatur:

352 712 363 732 ‘
382 724 529 765 sume,
557 720 719 769 pater3
756 725 866 755 nam
893 722 939 756 te
964 711 1116 758 voluit
1142 728 1224 758 rex
1251 728 1447 772 magnus
1473 711 1673 773 Olympi

383 774 556 821 talibus
583 774 802 837 auspiciis
830 789 1063 824 exsortem
1090 778 1266 825 ducere
1291 779 1539 824 honorem.

381 840 526 903 ipsius
551 840 789 888 Anchisae
815 842 1031 903 longaevi
1058 845 1149 890 hoc
1176 861 1349 890 munus
1375 843 1586 901 habebis,

380 920 560 954 cratera
586 906 850 969 inpressum
877 909 1034 970 signis,
1062 927 1205 973 quem
1232 910 1470 957 Thracius
1495 910 1612 956 olim

379 973 618 1020 Anchisae
643 974 845 1034 genitori
873 975 923 1021 in
951 993 1122 1038 magno
1149 994 1346 1023 munere
1374 977 1563 1024 Cisseus

380 1040 502 1086 ferre
529 1039 598 1086 sui
625 1040 819 1087 dederat
845 1042 1199 1090 monimentum
1227 1057 1274 1090 et
1299 1044 1469 1106 pignus
1495 1042 1697 1090 amoris!

379 1106 443 1153 sic
471 1106 594 1153 fatus
620 1106 770 1168 cingit
795 1107 1020 1154 viridanti
1051 1122 1264 1172 tempora
1290 1111 1438 1167 lauro,

380 1185 426 1219 et
451 1172 660 1235 primum
685 1186 796 1219 ante
822 1190 987 1221 omnes
1010 1175 1240 1222 victorem
1260 1177 1469 1239 appellat
1489 1177 1713 1222 Acesten.
1750 1199 1812 1228 540

380 1256 467 1286 nec
496 1240 648 1286 bonus
675 1239 909 1302 Eurytion
938 1243 1150 1303 praelato
1177 1242 1348 1289 invidit
1373 1243 1558 1300 honori,

378 1306 592 1368 quamvis
618 1307 742 1353 solus
768 1324 903 1353 avem
932 1309 1064 1355 caelo
1090 1309 1266 1355 deiecit
1291 1309 1348 1355 ab
1374 1310 1485 1355 alto,

376 1372 620 1435 proximus
646 1372 912 1434 ingreditur
938 1374 1075 1421 donis
1102 1375 1182 1437 qui
1209 1375 1402 1422 vincula
1427 1375 1586 1437 rupit;

378 1451 631 1497 extremus,
658 1440 839 1486 volucri
865 1440 946 1503 qui
976 1440 1079 1487 fixit
1104 1441 1372 1488 harundine
1399 1443 1594 1488 malum.

445 1519 490 1552 at
515 1519 649 1568 pater
673 1507 875 1564 Aeneas,
904 1508 1121 1554 nondum
1148 1508 1409 1555 certamine
1434 1507 1590 1566 misso,

378 1572 625 1619 custodem
651 1573 707 1619 ad
735 1590 832 1620 sese
860 1573 1185 1637 comitemque
1212 1574 1402 1637 inpubis
1430 1574 1522 1620 Iuli

378 1639 617 1701 Epytiden
644 1653 797 1698 vocat,
826 1654 872 1687 et
897 1640 1043 1691 fidam
1069 1641 1133 1688 sic
1161 1641 1288 1687 fatur
1314 1641 1372 1687 ad
1398 1657 1589 1696 aurem3

346 1711 358 1730 ‘
377 1705 494 1752 vade
521 1722 618 1766 age,
646 1720 693 1752 et
718 1707 939 1764 Ascani0‚
969 1707 1004 1754 si
1032 1707 1125 1753 iarn
1149 1707 1334 1770 puerile
1358 1720 1575 1769 paratum

377 1789 544 1833 agmen
571 1773 713 1819 habet
739 1789 916 1830 secum,
945 1789 1202 1836 cursusque
1229 1773 1454 1819 instruxit
1479 1789 1724 1836 equorum,

377 1838 520 1885 ducat
545 1856 631 1885 avo
658 1852 850 1897 turmas,
878 1853 924 1886 et
952 1856 1050 1886 sese
1076 1840 1296 1886 ostendat
1321 1840 1371 1885 in
1397 1839 1551 1897 armis,
1746 1863 1807 1893 5⁵0

376 1904 487 1962 dic,’
513 1904 593 1952 ait.
665 1905 763 1968 ipse
789 1922 984 1952 omnem
1012 1906 1152 1967 longo
1179 1906 1410 1953 decedere
1436 1906 1564 1953 circo

376 1971 590 2018 infusum
615 1973 863 2034 populum,
891 1984 937 2019 et
965 1989 1155 2035 campos
1183 1972 1316 2019 iubet
1343 1989 1439 2019 esse
1463 1985 1697 2034 patentes.

376 2037 609 2084 incedunt
634 2038 785 2100 pueri,
811 2038 1082 2101 pariterque
1110 2052 1219 2085 ante
1246 2056 1325 2085 ora
1350 2052 1602 2101 parentum

377 2104 572 2150 frenatis
599 2104 802 2152 lucent
790 2121 838 2150 1n
867 2105 1028 2168 equis·
1017 2142 1029 2162 ,
1068 2122 1184 2168 quos
1210 2105 1363 2152 omnis
1390 2118 1556 2152 euntes

376 2170 657 2217 Trinacriae
684 2171 851 2218 mirata
878 2171 1038 2218 fremit
1066 2171 1339 2235 Troiaeque
1364 2172 1601 2218 iuventus.

375 2237 633 2283 omnibus
623 2254 672 2284 1n
699 2254 880 2284 morem
907 2250 1040 2284 tonsa
1068 2254 1201 2284 coma
1227 2256 1382 2301 pressa
1408 2255 1611 2294 corona3

375 2319 547 2350 cornea
572 2303 684 2351 bina
711 2304 873 2351 ferunt
898 2303 1103 2367 praefixa
1130 2305 1319 2351 hastilia
1345 2305 1484 2362 ferr0‚

372 2386 477 2431 pars
505 2370 630 2416 leves
659 2387 822 2417 umero
847 2372 1120 2433 pharetras;
1157 2371 1194 2417 it
1218 2384 1410 2433 pectore
1437 2387 1622 2417 summo

373 2434 544 2481 flexilis
569 2436 745 2482 obtorti
773 2454 856 2498 per
881 2437 1059 2483 collum
1085 2437 1291 2483 circulus
1317 2437 1433 2484 auri.

374 2514 464 2548 tres
492 2502 709 2564 equitum
736 2519 935 2549 numero
961 2515 1160 2560 turmae,
1188 2502 1408 2566 ternique
1433 2516 1664 2563 vagantur
1742 2518 1801 2556 560

373 2567 624 2625 ductores3
659 2568 794 2630 pueri
821 2569 890 2615 bis
917 2569 1016 2615 seni
1043 2586 1281 2631 quemque
1307 2569 1457 2616 secuti

373 2634 559 2695 agmine
584 2635 760 2697 partito
786 2635 973 2696 fulgent
998 2636 1282 2698 paribusque
1309 2635 1554 2696 magistris,

375 2718 467 2747 una
494 2701 616 2748 acies
642 2701 887 2760 iuvenum,
914 2701 1047 2748 ducit
1073 2719 1214 2764 quam
1239 2719 1407 2764 parvus
1433 2714 1655 2749 ovantem

918 2790 992 2828 534
1021 2778 1196 2817 honores.
