1866 3208
582 238 857 278 AENEIDOS
887 239 990 278 LIB.
1019 239 1081 277 IX
1498 255 1574 293 293

211 348 449 396 Pandarus
477 359 524 393 et
551 346 714 404 Bitias,
735 347 880 393 Idaeo
906 349 1147 395 Alcanore
1173 348 1308 406 creti,
1515 364 1575 404 672

141 433 256 480 quos
283 414 408 461 Iovis
435 413 599 460 eduxit
624 413 735 460 luco
762 414 984 461 silvestris
1011 417 1144 461 Iaera

141 482 372 530 abietibus
398 480 594 527 iuvenes
620 480 784 543 patriis
813 494 860 527 et
886 482 1127 528 montibus
1155 499 1344 545 aeqUOS,

139 562 340 613 portam,
369 564 489 609 quae
517 547 648 593 ducis
675 547 880 610 imperio
908 549 1171 607 commissa,
1198 549 1470 607 recludunt,

139 615 249 663 freti
276 614 429 672 armis,
459 614 682 677 ultroque
708 614 915 661 invitant
941 616 1191 662 moenibus
1217 617 1418 663 hostem.

138 682 226 745 ipsi
254 682 380 728 intus
407 681 572 727 dextra
599 698 651 727 ac
678 681 811 727 laeva
835 699 921 744 pro
951 683 1155 729 turribus
1182 683 1386 740 adstant,

139 748 304 796 armati
331 748 456 795 ferro
484 762 530 795 et
556 748 709 795 cristis
738 749 894 811 capita
922 750 1015 795 alta
1040 750 1252 797 corusci:

138 816 299 879 quales
325 815 476 862 aeriae
503 815 739 879 liquentia
765 815 965 862 flumina
992 817 1187 874 circum,

138 884 234 930 sive
263 883 378 929 Padi
404 882 530 945 ripis,
556 882 778 929 Athesim
805 900 886 929 seu
911 897 1106 946 propter
1132 901 1405 942 amoenum,
1515 899 1578 930 680

137 962 430 1010 consurgunt
454 949 671 1010 geminae
698 967 900 1012 quercus
927 950 1212 1013 intonsaque
1239 952 1369 997 caelo

138 1017 365 1064 attollunt
391 1016 546 1079 capita
574 1029 620 1063 et
646 1016 841 1063 sublimi
867 1017 1047 1063 vertice
1073 1031 1261 1064 nutant.

136 1085 419 1146 inrumpunt
446 1083 600 1130 aditus
628 1083 798 1130 Rutuli
828 1097 880 1130 ut
905 1084 1067 1131 videre
1092 1098 1328 1147 patenteS.

136 1151 370 1199 continuo
398 1152 648 1214 Qercens
677 1164 724 1197 et
751 1151 954 1214 pulcher
978 1151 1247 1214 Aquiculus
1274 1151 1412 1197 armis

137 1232 184 1267 et
208 1235 435 1281 praeceps
461 1218 606 1264 animi
635 1219 842 1264 Tmarus
872 1232 918 1264 et
946 1218 1214 1265 Mavortius
1242 1219 1467 1265 Haemon

136 1285 404 1347 agminibus
428 1285 537 1332 totis
565 1298 646 1333 aut
672 1286 793 1332 versi
823 1300 950 1346 terga
979 1286 1154 1332 dedere

136 1366 216 1399 aut
241 1352 343 1415 ipso
367 1366 530 1415 portae
556 1370 754 1415 posuere
777 1352 827 1399 in
855 1353 1023 1399 limine
1047 1353 1211 1400 vitam.

137 1433 240 1467 tum
266 1419 410 1481 magis
436 1419 711 1468 increscunt
737 1420 910 1467 animis
935 1420 1230 1467 discordibus
1257 1419 1384 1477 irae3

135 1500 183 1534 et
208 1487 300 1533 iam
327 1486 519 1533 collecti
547 1487 700 1534 Troes
726 1488 1053 1549 glomerantur
1080 1487 1249 1534 eodem

136 1566 184 1601 et
209 1554 428 1600 conferre
455 1570 650 1601 manum
678 1567 724 1602 et
748 1571 1027 1618 procurrere
1053 1554 1240 1615 longius
1267 1554 1461 1600 audent.
1515 1569 1577 1609 690

201 1620 390 1668 ductori
418 1621 590 1667 Turno
616 1621 799 1667 diversa
826 1621 876 1667 in
901 1635 1036 1697 parte
1062 1621 1242 1667 furenti

135 1687 444 1751 turbantique
469 1688 592 1734 viros
618 1689 858 1750 perfertur
883 1688 1096 1747 nuntius,
1123 1690 1311 1735 hostem

134 1755 316 1802 fervere
342 1755 486 1802 caede
513 1772 635 1802 nova
662 1768 708 1802 et
732 1769 887 1830 portas
912 1755 1141 1832 praebere
1166 1768 1399 1819 patenteS.

135 1821 309 1869 deserit
335 1822 583 1885 inceptum
609 1836 751 1885 atque
778 1822 962 1870 inmani
990 1822 1209 1870 concitus
1236 1823 1303 1869 ira

134 1889 426 1937 Dardaniam
452 1889 548 1937 ruit
573 1890 633 1936 ad
656 1905 843 1953 portam
871 1890 1133 1954 fratresque
1159 1890 1397 1953 superbos.

135 1969 182 2003 et
206 1956 417 2019 primum
441 1956 758 2019 Antiphaten,
786 1957 822 2003 is
851 1957 979 2004 enirn
1006 1975 1053 2004 se
1083 1957 1262 2020 primus
1290 1958 1473 2018 agebat,

136 2023 375 2071 Thebana
400 2024 459 2070 de
485 2036 636 2070 matre
663 2025 868 2071 nothum
898 2024 1184 2087 Sarpedonis
1212 2024 1313 2080 alti,

135 2089 357 2136 coniecto
383 2090 550 2138 sternit
575 2090 762 2146 iaculo;
799 2091 927 2137 volat
953 2091 1073 2137 Itala
1099 2108 1271 2137 cornus

135 2164 236 2203 aera
262 2173 346 2219 per
372 2170 593 2204 tenerum
619 2159 960 2221 stomachoque
987 2157 1134 2204 infixa
1159 2157 1246 2204 sub
1271 2158 1420 2204 altum

133 2236 301 2286 pectus
327 2223 454 2271 abit:
491 2224 650 2271 reddit
675 2241 841 2288 specus
866 2225 954 2272 atri
981 2224 1191 2271 vulneris
1218 2224 1398 2270 undam
1512 2247 1574 2279 700

135 2304 453 2353 spumantem,
483 2304 529 2338 et
556 2291 649 2338 fixo
676 2292 856 2338 ferrum
881 2292 931 2338 in
957 2293 1192 2354 pulmone
1217 2291 1434 2354 tepescit.

137 2369 240 2404 tum
280 2359 536 2421 Meropem
576 2372 718 2422 atque
759 2359 1019 2421 Erymanta
1062 2376 1223 2417 manu,
1263 2372 1366 2405 tum
1405 2356 1572 2405 sternit

268 2425 566 2487 Aphidnum,

139 2501 242 2536 tum
268 2491 427 2538 Bitian
454 2493 701 2540 ardentem
727 2493 878 2540 oculis
906 2493 1168 2557 animisque
1194 2494 1498 2549 frementem,

138 2572 236 2602 non
261 2555 449 2615 iaculo;
485 2576 640 2623 neque
667 2560 798 2606 enirn
823 2560 978 2606 iaculo
1004 2560 1151 2606 vitam
1177 2560 1260 2606 ille
1286 2559 1522 2615 dedisset3

137 2623 220 2669 sed
245 2639 470 2684 magnum
494 2627 692 2673 stridens
719 2640 938 2673 contorta
961 2627 1205 2690 phalarica
1229 2626 1376 2683 venit,

137 2689 352 2737 fulminis
379 2704 483 2738 acta
509 2694 666 2750 modo,
696 2711 838 2756 quam
865 2711 955 2741 nec
982 2694 1078 2740 duo
1105 2707 1265 2739 taurea
1292 2705 1433 2751 terga,

507 2768 581 2817 678
613 2777 826 2808 coruscant.
937 2769 1013 2818 689
1044 2769 1084 2806 in
1105 2781 1241 2807 unum.
