1861 3256
280 279 322 318 P.
354 278 587 317 VERGILI
619 279 879 318 MARONrs
910 280 1185 318 AENEIDos
1215 279 1318 318 LIB.
1349 280 1414 318 111
1530 295 1601 333 139

167 384 376 441 vellitur,
403 383 513 429 huic
542 394 641 428 atro
668 382 918 444 liquuntur
943 383 1171 444 sanguine
1196 395 1355 444 guttae

171 464 216 497 et
245 465 416 497 terram
443 450 552 496 tabo
579 449 841 496 maculant.
912 450 1028 496 mihi
1056 450 1250 511 frigidus
1276 452 1442 496 horror

169 519 379 564 membra
404 516 572 579 quatit,
599 515 879 578 gelidusque
906 517 1001 563 coit
1027 517 1282 564 formidine
1309 516 1511 578 sanguis.
1565 542 1606 572 30

168 602 322 630 rursus
351 596 396 630 et
423 583 614 629 alterius
641 583 830 629 lentum
856 585 1128 630 convellere
1154 584 1315 630 vimen

167 651 390 714 insequor
417 663 462 697 et
489 667 650 696 causas
674 649 866 712 penitus
894 662 1128 712 temptare
1155 651 1358 697 latentes
1381 671 1394 707 3

168 732 267 764 ater
294 731 340 764 et
366 717 555 764 alterius
581 716 790 779 sequitur
815 716 874 762 de
901 717 1079 764 cortice
1106 718 1308 779 sanguis.

167 786 318 831 multa
343 801 539 831 movens
566 783 727 829 animo
754 783 1004 846 Nymphas
1030 785 1292 831 venerabar
1319 798 1520 845 agrestes

169 852 531 915 Gradivumque
555 863 757 914 patrem,
787 850 973 896 Geticis
999 851 1080 914 qui
1109 852 1345 913 praesidet
1371 851 1506 909 arvis,

166 919 255 965 rite
283 919 601 965 secundarent
625 917 748 964 visus
774 934 1015 980 omenque
1041 918 1270 966 levarent.

166 985 304 1032 tertia
330 985 411 1031 sed
434 998 688 1048 postquam
714 984 889 1030 maiore
914 985 1103 1031 hastilia
1130 985 1235 1033 nisu

166 1052 415 1113 adgredior
439 1052 734 1115 genibusque
761 1051 980 1098 adversae
1007 1052 1228 1099 obluctor
1252 1054 1547 1110 harenae,—

167 1120 361 1182 eloquar
386 1136 443 1165 an
473 1119 636 1165 sileam
657 1118 946 1179 ?—gemitus
974 1119 1274 1166 lacrimabilis
1300 1119 1397 1166 imo

166 1187 356 1232 auditur
383 1186 584 1244 tumulo,
614 1198 661 1232 et
686 1203 777 1232 vox
804 1186 989 1232 reddita
1015 1186 1168 1233 fertur
1193 1186 1251 1233 ad
1277 1203 1409 1233 aures
1435 1205 1445 1233 :
1566 1210 1609 1240 40

164 1253 280 1316 quid
306 1253 546 1311 miserum,
573 1254 755 1311 Aenea,
783 1253 959 1305 laceras
981 1256 998 1299 ?
1066 1253 1161 1300 iam
1185 1270 1327 1317 parce
1354 1253 1558 1317 sepulte,

166 1337 308 1383 parce
333 1320 432 1383 pias
460 1321 687 1367 scelerare
714 1338 879 1367 manus
906 1339 915 1367 :
954 1338 1052 1367 non
1079 1338 1155 1367 me
1183 1320 1268 1367 tibi
1296 1321 1445 1368 Troia

169 1401 420 1434 externum
447 1387 557 1434 tulit
583 1401 664 1434 aut
690 1405 829 1435 cruor
854 1387 931 1434 hic
958 1388 1017 1434 de
1043 1388 1203 1451 stipite
1228 1401 1406 1435 manat.

166 1456 262 1501 heu
288 1455 297 1502 l
343 1455 454 1515 fuge
482 1454 698 1501 crudeles
726 1467 886 1513 terras,
914 1455 1024 1515 fuge
1051 1455 1164 1501 litus
1191 1471 1400 1502 avarum.

169 1538 280 1568 nam
309 1521 568 1583 Polydorus
595 1538 681 1583 ego
706 1540 716 1568 :
753 1521 832 1568 hic
860 1522 1103 1568 confixum
1130 1522 1282 1568 ferrea
1308 1521 1429 1568 texit

169 1589 375 1635 telorum
402 1604 528 1648 seges
556 1601 603 1635 et
628 1588 793 1635 iaculis
819 1587 1024 1635 increvit
1051 1588 1232 1635 acutis.'

169 1669 270 1702 tum
296 1672 408 1701 vero
435 1655 634 1718 ancipiti
661 1668 877 1701 mentem
902 1655 1160 1701 formidine
1184 1672 1368 1718 pressus

167 1721 374 1784 obstipui
401 1734 733 1785 steteruntque
761 1738 923 1768 comae
951 1734 998 1768 et
1022 1739 1115 1768 vox
1141 1721 1357 1770 faucibus
1382 1722 1551 1770 haesit.

233 1790 363 1835 hunc
426 1788 716 1851 Polydorum
772 1788 871 1835 auri
930 1788 1173 1852 quondam
1222 1806 1332 1837 cum
1394 1790 1609 1853 pondere

300 1873 473 1916 magno

165 1923 336 1970 infelix
365 1922 573 1969 Priamus
599 1922 765 1970 furtim
791 1923 1037 1970 mandarat
1064 1924 1290 1971 alendum
1571 1949 1612 1978 50

167 1989 401 2037 Threicio
427 1989 540 2051 regi,
567 2007 678 2037 cum
704 1989 799 2037 iam
825 1990 1060 2037 diffideret
1086 1990 1225 2037 armis

166 2056 440 2104 Dardaniae
467 2056 689 2121 cingique
716 2057 884 2104 urbem
910 2057 1158 2104 obsidione
1183 2058 1385 2105 videret.

167 2124 267 2182 ille,
295 2136 347 2171 ut
372 2141 484 2187 opes
511 2124 687 2171 fractae
715 2124 980 2183 Teucrum,
1008 2137 1055 2171 et
1081 2126 1273 2172 fortuna
1299 2124 1505 2181 recessit,

168 2209 238 2238 res
264 2190 668 2253 Agamemnonias
694 2190 1008 2256 victriciaque
1035 2209 1161 2238 arma
1188 2204 1393 2249 secutUS,

168 2259 237 2305 fas
261 2275 405 2305 omne
433 2257 675 2322 abrumpit
697 2278 711 2316 ;
751 2257 1042 2321 Polydorum
1069 2258 1342 2334 obtruncat,
1369 2272 1416 2306 et
1441 2276 1554 2306 auro

168 2325 213 2370 vi
239 2326 436 2388 potitur.
508 2325 624 2389 quid
650 2342 748 2372 non
775 2325 995 2372 mortalia
1018 2339 1215 2389 pectora
1241 2326 1383 2388 cogis,

172 2392 270 2438 auri
296 2410 424 2439 sacra
450 2393 635 2440 fames?
670 2406 922 2457 postquam
947 2410 1094 2469 pavor
1120 2409 1217 2440 ossa
1241 2393 1451 2457 reliquit,

172 2457 381 2506 delectos
406 2459 574 2524 populi
601 2459 660 2506 ad
684 2477 903 2523 proceres
927 2459 1235 2525 primumque
1259 2473 1512 2536 parentem

173 2539 380 2572 monstra
405 2527 550 2574 deum
575 2527 730 2573 refero
757 2539 804 2574 et
829 2544 950 2591 quae
976 2527 1035 2574 sit
1061 2527 1302 2574 sententia
1324 2544 1485 2591 posco.

175 2591 393 2638 omnibus
417 2593 546 2641 idem
571 2593 772 2652 animus,
797 2594 1025 2641 scelerata
1052 2594 1285 2642 excedere
1312 2607 1450 2651 terra,
1569 2607 1611 2639 60

176 2657 330 2720 linqui
356 2660 596 2721 pollutum
620 2660 882 2724 hospitium
908 2675 956 2708 et
981 2662 1091 2708 dare
1118 2661 1341 2710 classibus
1366 2661 1581 2708 Austros.

175 2740 284 2784 ergo
308 2723 619 2774 instauramus
646 2727 882 2789 Polydoro
908 2729 1066 2786 funus,
1094 2742 1140 2774 et
1165 2729 1332 2789 ingens

729 2804 774 2842 61
809 2805 990 2855 linquere.
