1861 3256
572 276 847 315 AENEIDOS
878 277 982 315 LIB.
1010 276 1031 314 I
1493 287 1563 313 101

123 385 279 431 Marte
305 383 453 445 gravis
477 383 715 444 geminam
741 397 875 445 partu
902 384 1032 431 dabit
1058 385 1148 430 Ilia
1172 385 1370 446 prolem.

121 452 231 498 inde
257 452 394 514 lupae
420 451 554 497 fulvo
579 449 778 497 nutricis
806 451 1014 511 tegmine
1042 452 1199 505 laetus

123 519 356 565 Romulus
382 517 590 579 excipiet
615 530 825 578 gentem,
853 530 900 564 et
928 519 1166 565 Mavortia
1194 518 1368 565 condet

120 585 310 632 moenia
334 586 666 648 Romanosque
693 602 776 630 suo
801 584 859 630 de
886 585 1080 631 nomine
1107 585 1249 632 dicet.

119 652 191 698 his
219 669 304 713 ego
329 669 417 698 nec
444 665 590 698 metas
613 668 770 698 rerum
797 668 886 697 nec
914 664 1127 713 tempora
1150 669 1293 714 pono,

120 719 376 781 imperium
403 719 501 765 sine
528 719 621 765 fine
647 719 769 765 dedi.
842 718 957 780 quin
985 736 1142 780 aspera
1167 721 1308 776 Iuno,

119 804 238 850 quae
255 803 383 833 mare
404 803 533 832 nunc
561 800 794 849 terrasque
815 799 945 831 metu
974 786 1255 849 caelumque
1282 786 1461 847 fatigat,
1501 801 1562 831 280

119 853 316 900 consilia
340 854 390 899 in
416 853 585 899 melius
611 853 800 910 referet,
827 869 1113 916 mecumque
1141 853 1320 899 fovebit

119 921 375 978 Romanos,
399 937 557 966 rerum
582 920 816 977 dominOS‚
841 934 1130 984 gentemque
1157 934 1377 981 togatam.

118 988 182 1034 sic
208 988 455 1050 placitum.
526 988 686 1034 veniet
713 987 867 1033 lustris
894 987 1160 1033 labentibus
1187 1002 1324 1044 aetas,

118 1072 228 1101 cum
254 1055 418 1101 domus
444 1055 655 1101 Assaraci
685 1055 907 1101 Phthiam
934 1055 1170 1119 clarasque
1200 1056 1434 1116 Mycenas

117 1122 306 1168 servitio
330 1135 513 1185 premet
539 1139 590 1168 ac
617 1122 753 1168 victis
781 1121 1104 1168 dominabitur
1128 1122 1279 1182 Argis.

116 1202 333 1235 nascetur
357 1190 558 1251 pulchra
583 1189 823 1236 Troianus
849 1189 1030 1250 origine
1059 1189 1242 1244 Caesar,

116 1256 369 1317 imperium
397 1257 595 1303 Oceano
621 1257 794 1303 famam
821 1256 901 1320 qui
929 1256 1156 1302 terminet
1182 1255 1323 1312 astris,

117 1323 284 1380 Iulius,
310 1341 334 1370 a
359 1341 531 1385 magno
557 1323 813 1370 demissum
839 1341 1017 1370 nomen
1044 1324 1169 1370 Iulo.

115 1391 244 1437 hunc
272 1404 324 1437 tu
349 1391 465 1437 olim
493 1391 639 1448 caelo,
665 1391 823 1453 spoliis
850 1391 1063 1437 Orientis
1088 1405 1329 1465 onustum,

117 1457 318 1519 accipies
346 1475 542 1504 secura·
529 1494 543 1512 ,
579 1457 824 1504 vocabitur
849 1458 928 1504 hic
957 1475 1145 1522 quoque
1171 1457 1307 1504 votis,
1498 1481 1560 1512 290

116 1541 274 1589 aspera
299 1538 401 1571 tum
425 1524 586 1588 positis
613 1525 866 1573 mitescent
891 1526 1078 1572 saecula
1104 1524 1275 1586 bellis3

116 1608 232 1637 cana
258 1591 394 1638 Fides
421 1605 466 1638 et
491 1592 651 1650 Vesta,
681 1593 835 1639 Remo
861 1609 972 1639 cum
999 1581 1149 1637 fratre
1168 1584 1401 1653 Qirinus

115 1658 217 1704 iura
242 1658 457 1714 dabunt3
495 1658 620 1705 dirae
648 1659 771 1705 ferro
799 1673 845 1705 et
871 1659 1176 1720 compagibus
1204 1658 1311 1704 artis

115 1725 395 1771 claudentur
421 1725 546 1771 Belli
573 1739 733 1788 portae
757 1746 770 1782 ;
808 1727 955 1772 Furor
980 1725 1138 1787 inpius
1163 1725 1291 1771 intus

114 1809 245 1839 saeva
270 1792 434 1838 sedens
459 1809 598 1854 super
624 1810 750 1839 arma
775 1806 821 1839 et
848 1806 1044 1839 centum
1070 1792 1256 1839 vinctus
1284 1791 1408 1838 aenis

112 1872 216 1922 post
242 1871 425 1920 tergum
451 1859 584 1905 nodis
611 1859 781 1906 fremet
806 1860 1020 1906 horridus
1046 1877 1124 1906 ore
1152 1860 1382 1907 cruent0.'

178 1928 293 1973 haec
322 1926 398 1984 ait,
429 1940 474 1974 et
502 1927 633 1973 Maia
659 1927 876 1989 genitum
902 1927 1112 1974 demittit
1139 1927 1195 1973 ab
1220 1928 1332 1984 alto,

112 2006 165 2041 ut
190 2006 336 2041 terrae
363 2007 510 2058 utque
537 2011 687 2041 novae
714 2008 904 2057 pateant
931 1994 1235 2056 Karthaginis
1261 2012 1388 2041 arces

110 2061 315 2123 hospitio
341 2061 561 2119 Teucris,
587 2079 647 2108 ne
675 2062 757 2108 fati
784 2062 940 2108 nescia
966 2062 1096 2109 Dido

111 2127 282 2174 finibus
309 2143 502 2176 arceret.
573 2129 701 2176 volat
727 2129 808 2175 ille
834 2147 916 2191 per
943 2137 1042 2175 aera
1067 2146 1293 2190 magnum
1496 2154 1558 2184 300

111 2195 306 2256 remigio
332 2196 527 2253 alarum,
554 2213 606 2242 ac
635 2196 813 2258 Libyae
841 2196 962 2243 citus
990 2196 1166 2242 adstitit
1191 2196 1296 2244 oris,

112 2275 158 2309 et
182 2262 274 2309 iam
301 2262 420 2310 iussa
448 2263 577 2320 facit,
603 2277 885 2327 ponuntque
914 2263 1088 2310 ferocia
1115 2263 1262 2310 Poeni

113 2329 251 2376 corda
274 2331 464 2377 volente
490 2331 580 2377 deo
602 2352 616 2388 3
653 2332 702 2378 in
730 2331 892 2393 primis
918 2331 1081 2392 regina
1106 2331 1323 2394 quietum

115 2395 286 2458 accipit
311 2397 360 2444 in
387 2398 605 2445 Teucros
633 2399 846 2446 animum
875 2413 1184 2461 mentemque
1211 2397 1483 2459 benignam.

181 2475 226 2508 at
249 2463 352 2526 pius
377 2466 576 2523 Aeneas,
606 2484 688 2529 per
714 2480 907 2513 noctem
933 2466 1139 2529 plurima
1164 2466 1376 2523 volvens,

114 2540 166 2574 ut
190 2530 395 2590 primum
420 2533 502 2579 lux
530 2535 651 2580 alma
675 2534 780 2581 data
807 2548 891 2592 est,
919 2534 1047 2580 exire
1073 2534 1295 2597 locosque

114 2596 353 2657 explorare
378 2616 538 2658 nOVOS,
565 2619 675 2665 quas
701 2616 846 2649 vento
872 2601 1118 2649 accesserit
1144 2619 1260 2658 oras,

114 2662 193 2725 qui
220 2675 426 2721 teneant,
454 2683 562 2713 nam
588 2668 771 2715 inculta
798 2669 941 2725 videt,
968 2669 1250 2715 hominesne
1278 2668 1479 2722 feraene,

114 2746 335 2791 quaerere
362 2733 624 2791 constituit,
651 2735 879 2799 sociisque
905 2749 1070 2782 exacta
1094 2737 1286 2782 referre.

115 2796 343 2844 classem
332 2814 381 2844 m
408 2815 620 2847 convexo
645 2818 897 2848 nemorum
924 2803 1008 2848 sub
1033 2820 1152 2863 rupe
1179 2814 1337 2848 cavata
1489 2825 1552 2854 310
