1861 3256
494 959 543 1002 P.
576 958 831 1002 VERGILI
864 959 1152 1001 MARONIS

303 1086 1340 1152 GEORGICON

569 1264 773 1311 LIBER
812 1264 1076 1312 PRIMUS

141 1417 276 1480 Qun
302 1416 442 1464 faciat
467 1416 608 1464 laetas
634 1430 823 1477 segetes,
853 1435 946 1480 quo
971 1418 1119 1464 sidere
1146 1431 1317 1464 terram

139 1497 335 1541 vertere,
364 1485 638 1540 Maecenas,
666 1484 899 1548 ulmisque
927 1485 1181 1546 adiungere
1208 1485 1324 1531 vites

140 1551 410 1608 conveniat,
436 1568 554 1614 quae
580 1567 693 1597 cura
717 1551 880 1608 boum,
906 1551 985 1613 qui
1013 1553 1168 1598 cultus
1194 1552 1415 1598 habendo

139 1618 197 1664 sit
222 1617 398 1680 pecori,
425 1617 587 1680 apibus
609 1630 787 1692 quanta
813 1618 1106 1680 experientia
1131 1619 1298 1688 parcis,

137 1685 251 1731 hinc
279 1701 445 1731 canere
472 1684 715 1746 incipiam.
787 1702 883 1741 vos,
909 1702 936 1730 0
962 1680 1251 1731 clarissima
1238 1685 1406 1732 mundi

138 1751 333 1808 lumina,
361 1750 602 1798 labentem
629 1751 760 1797 caelo
786 1768 904 1815 quae
930 1752 1102 1798 ducitis
1130 1769 1344 1809 annum3

138 1819 283 1865 Liber
309 1831 356 1865 et
382 1818 503 1865 alma
530 1818 690 1875 CereS‚
718 1832 872 1865 vestro
898 1819 933 1865 si
959 1836 1157 1866 munere
1183 1819 1324 1867 tellus

139 1885 405 1932 Chaoniam
431 1885 596 1948 pingui
622 1886 844 1947 glandem
870 1887 1070 1934 mutavit
1096 1887 1246 1944 arista,

136 1954 402 2018 poculaque
430 1953 637 2000 inventis
661 1953 895 2018 Acheloia
920 1954 1112 2002 miscuit
1137 1953 1238 2001 uvis
1260 1975 1274 2011 ;

138 2035 184 2069 et
208 2039 306 2079 vos,
332 2035 566 2083 agrestum
592 2021 854 2084 praesentia
878 2021 1094 2079 numina,
1121 2022 1285 2079 Fauni,
1540 2047 1579 2068 10

138 2089 255 2136 ferte
281 2089 420 2136 simul
448 2089 692 2153 Faunique
717 2089 890 2152 pedem
915 2089 1222 2152 Dryadesque
1248 2089 1434 2151 puellae
1459 2108 1469 2136 :

138 2173 336 2204 munera
360 2170 510 2204 vestra
536 2173 670 2204 cano.
744 2170 889 2220 tuque
916 2174 958 2213 ο,
987 2156 1064 2203 cui
1091 2157 1242 2218 prima
1267 2157 1554 2204 frementem

137 2225 261 2271 fudit
288 2241 464 2288 equum
491 2240 662 2284 magno
687 2223 829 2270 tellus
853 2240 1071 2286 percussa
1096 2223 1308 2282 tridenti,

138 2292 369 2354 Neptune
392 2311 406 2348 ;
444 2304 490 2338 et
516 2291 672 2338 cultor
698 2308 963 2348 nemorum,
993 2290 1069 2337 cui
1095 2291 1289 2353 pinguia
1315 2290 1440 2338 Ceae

138 2371 207 2405 ter
232 2372 428 2405 centum
453 2357 580 2405 nivei
607 2358 807 2405 tondent
832 2358 1025 2405 dumeta
1050 2357 1240 2405 iuvenci
1264 2378 1277 2414 3

139 2425 235 2487 ipse
261 2443 427 2473 nemus
454 2425 675 2489 linquens
699 2425 907 2488 patrium
933 2425 1169 2488 saltusque
1190 2425 1366 2488 Lycaei

142 2491 257 2549 Pan,
281 2493 441 2540 ovium
469 2506 639 2550 custos,
665 2505 745 2539 tua
770 2492 804 2539 si
831 2493 917 2539 tibi
946 2493 1171 2539 Maenala
1196 2510 1353 2550 curae,

142 2558 272 2615 adsis,
299 2577 327 2605 o
352 2560 590 2621 Tegeaee,
615 2560 791 2616 favens,
819 2560 1046 2624 oleaeque
1075 2560 1299 2607 Minerva

140 2624 394 2683 inventrix,
420 2627 628 2690 uncique
653 2644 771 2689 puer
795 2640 1080 2675 monstrator
1106 2627 1255 2683 aratri,

142 2703 188 2738 et
213 2703 422 2739 teneram
447 2693 505 2739 ab
527 2694 682 2740 radice
710 2695 878 2750 ferens,
908 2695 1113 2752 Silvane,
1139 2709 1412 2756 cupressum
1436 2712 1449 2748 ;
1537 2715 1578 2737 20

147 2757 290 2820 dique
315 2758 522 2822 deaeque
547 2777 727 2817 omnes,
752 2762 960 2809 studium
987 2761 1157 2825 quibus
1185 2777 1288 2807 arva
1314 2758 1451 2817 tueri,
