1866 3208
587 235 861 274 AENEIDos
891 235 993 274 ΜΒ.
1023 235 1063 272 Χ
1499 248 1575 287 309

146 346 322 394 ossibus
347 347 640 392 haerentem.
711 360 854 405 quem
881 360 978 389 non
1005 360 1143 405 super
1168 357 1372 405 occupat
1400 343 1572 400 Hisbo,

147 414 228 460 ille
253 412 444 476 quidem
468 412 559 456 hoc
586 425 774 472 sperans
796 430 810 465 3
848 428 956 457 nam
984 411 1134 457 Pallas
1160 423 1267 456 ante
1293 424 1530 467 ruentem,

146 481 259 527 dum
286 478 413 536 furit,
441 477 687 524 incautum
714 478 895 524 crudeli
923 491 1072 524 morte
1099 477 1286 534 sodalis,

147 546 340 607 excipit,
368 558 507 607 atque
533 560 696 590 ensem
722 544 906 590 tumido
933 545 982 590 in
1009 545 1239 606 pulmone
1264 545 1496 591 recondit.

146 614 257 660 hinc
286 611 566 658 Sthenelum
592 610 729 672 petit,
756 624 802 657 et
830 611 1004 658 Rhoeti
1031 612 1087 657 de
1114 626 1256 673 gente
1283 626 1467 658 vetusta

144 679 513 735 Anchemolum,
540 678 769 724 thalamos
797 695 962 724 ausum
989 679 1216 725 incestare
1245 695 1489 726 novercae.

144 764 222 792 vos
249 745 390 792 etiam
415 745 592 806 gemini
619 744 809 791 Rutulis
836 745 1070 791 cecidistis
1098 746 1147 791 in
1175 746 1308 803 arvis,
1519 770 1582 801 390

144 812 347 870 Daucia‚
373 812 541 859 Laride
568 812 935 875 Thymberque,
963 812 1204 859 simillima
1229 814 1400 874 proles,

94 901 110 918 ι
144 880 401 926 indiscreta
426 879 515 926 suis
541 892 792 942 gratusque
820 879 1094 942 parentibus
1121 897 1280 934 error;

144 960 191 993 at
216 964 345 993 nunc
372 947 486 993 dura
512 946 645 993 dedit
670 946 799 992 vobis
827 946 1103 993 discrimina
1132 947 1281 993 Pallas
1308 966 1317 994 :

145 1031 255 1060 nam
282 1014 387 1071 tibi,
414 1014 683 1076 Thymbre,
710 1027 853 1076 caput
880 1014 1148 1060 Euandrius
1176 1014 1369 1060 abstulit
1389 1013 1509 1060 ensis
1533 1034 1546 1070 3

144 1095 190 1128 te
215 1081 371 1127 decisa
397 1098 552 1138 suum,
578 1081 767 1138 Laride,
799 1081 991 1127 dextera
1018 1082 1214 1143 quaerit,

144 1148 536 1211 semianimesque
565 1148 746 1194 micant
773 1147 906 1209 digiti
935 1149 1208 1210 ferrumque
1233 1160 1507 1194 retractant.

142 1216 363 1272 Arcadas,
389 1233 610 1262 accensos
635 1215 822 1262 monitu
851 1229 896 1262 et
921 1216 1162 1278 praeclara
1188 1228 1375 1261 tuentes

146 1282 269 1329 facta
293 1282 397 1339 viri,
422 1284 597 1330 mixtus
624 1283 757 1329 dolor
784 1297 829 1329 et
855 1283 1007 1345 pudor
1034 1296 1180 1329 armat
1208 1282 1257 1328 in
1283 1284 1456 1329 hostes.

145 1363 248 1396 tum
276 1350 429 1396 Pallas
455 1350 622 1412 biiugis
648 1350 913 1410 fugientem
943 1351 1157 1396 Rhoetea
1181 1364 1363 1412 praeter

144 1416 313 1464 traicit.
383 1419 474 1464 hoc
501 1418 704 1479 spatium
729 1431 1013 1480 tantumque
1040 1434 1195 1463 morae
1222 1417 1312 1462 fuit
1338 1417 1411 1462 Ilo
1434 1437 1446 1472 3
1522 1441 1584 1470 400

144 1484 220 1530 Ilo
245 1501 452 1547 namque
477 1485 644 1547 procul
673 1484 877 1530 validam
904 1485 1151 1530 derexerat
1176 1486 1355 1530 hastam
1381 1502 1390 1529 ;

144 1568 287 1614 quam
313 1551 495 1598 medius
524 1552 766 1598 Rhoeteus
793 1551 1058 1614 intercipit,
1085 1551 1263 1614 optime
1291 1552 1524 1607 Teuthra,

143 1631 191 1664 te
216 1618 420 1679 fugiens,
447 1618 732 1681 fratremque
762 1618 930 1680 Tyren
956 1639 969 1675 ;
1008 1635 1244 1681 curruque
1270 1618 1459 1664 volutus

143 1685 299 1731 caedit
325 1685 613 1732 semianimis
642 1686 934 1732 Rutulorum
962 1686 1171 1732 calcibus
1198 1702 1319 1732 arva.

143 1769 198 1798 ac
223 1752 371 1808 velut,
399 1766 558 1815 optato
583 1753 736 1799 ventis
764 1766 936 1799 aestate
965 1752 1153 1810 coortis,

141 1818 346 1881 dispersa
372 1819 574 1866 inmittit
601 1820 726 1866 silvis
753 1819 977 1866 incendia
1003 1833 1163 1882 pastor
1185 1839 1199 1874 ;

142 1886 367 1949 correptis
393 1887 547 1934 subito
573 1887 737 1934 mediis
766 1887 1042 1934 extenditur
1068 1904 1162 1933 una

141 1953 330 2001 horrida
356 1971 439 2016 per
463 1955 581 2001 latos
609 1955 732 2001 acies
758 1954 1000 2001 Vulcania
1027 1971 1215 2017 campos
1240 1975 1253 2011 ;

142 2021 225 2068 ille
250 2021 413 2067 sedens
440 2021 591 2068 victor
617 2021 828 2068 flammas
855 2022 1098 2084 despectat
1123 2034 1314 2068 ovantes
1339 2040 1349 2068 :

144 2104 242 2134 non
271 2088 406 2134 aliter
431 2088 613 2135 socium
639 2089 786 2134 virtus
813 2089 908 2135 coit
935 2089 1088 2134 omnis
1116 2089 1166 2133 in
1194 2105 1363 2144 unum,
1523 2113 1586 2141 410

145 2168 289 2217 teque
315 2154 459 2213 iuvat,
489 2155 635 2202 Palla.
707 2155 787 2201 sed
814 2155 948 2201 bellis
977 2172 1083 2201 acer
1109 2155 1341 2202 Halaesus

144 2221 300 2269 tendit
325 2221 375 2267 in
402 2222 631 2279 adversos,
658 2239 800 2285 seque
827 2222 877 2268 in
905 2239 985 2268 sua
1013 2222 1196 2283 colligit
1223 2239 1362 2268 arma.

144 2289 221 2335 hic
247 2302 421 2335 mactat
446 2289 641 2335 Ladona
667 2290 963 2352 Pheretaque
988 2289 1419 2352 Demodocumque
1442 2310 1454 2345 ;

147 2356 418 2417 Strymonio
444 2357 659 2403 dextram
685 2357 891 2418 fulgenti
919 2356 1091 2419 deripit
1117 2374 1228 2403 ense

149 2423 320 2470 elatam
345 2423 395 2470 in
421 2423 637 2484 iugulum
660 2444 674 2481 ;
711 2441 821 2470 saxo
849 2424 955 2470 ferit
980 2441 1061 2470 ora
1087 2424 1338 2481 Thoantis,

148 2506 339 2551 ossaque
364 2490 580 2553 dispersit
607 2492 803 2538 cerebro
829 2490 1064 2554 permixta
1091 2504 1305 2538 cruento.

150 2555 243 2600 fata
269 2572 442 2603 canens
466 2558 590 2603 silvis
616 2558 799 2618 genitor
826 2559 1000 2605 celarat
1026 2559 1288 2605 Halaesum
1310 2577 1324 2612 3

152 2634 204 2667 ut
229 2622 384 2668 senior
407 2624 505 2670 leto
530 2625 752 2672 canentia
776 2625 959 2672 lumina
983 2626 1137 2683 solvit,

151 2687 358 2735 iniecere
381 2705 579 2737 manum
606 2692 794 2748 Parcae,
820 2692 1020 2755 telisque
1047 2704 1287 2738 sacrarunt

702 2780 778 2816 417
810 2782 958 2807 cavens.
