1866 3208
294 211 370 250 314
741 200 783 237 P.
813 197 1047 235 VERGILI
1077 196 1335 236 MARoms

358 306 438 369 qui
465 307 556 353 fuit
580 305 894 361 Ausonidum,
921 318 967 351 et
992 305 1142 352 tacitis
1168 304 1376 367 regnavit
1400 306 1628 368 Amyclis.

357 375 576 434 Aegaeon
603 371 765 434 qualiS,
793 385 986 418 centum
1012 372 1088 419 cui
1114 372 1329 419 bracchia
1353 372 1520 419 dicunt

358 453 672 500 centenasque
700 455 880 512 manus,
906 438 1246 501 quinquaginta
1270 439 1424 485 oribus
1450 439 1607 500 ignem

357 504 720 568 pectoribusque
747 505 920 560 arsisse,
949 506 1071 551 Iovis
1097 523 1207 552 cum
1235 505 1437 551 fulmina
1462 519 1626 553 contra

358 585 426 618 tot
450 571 635 634 paribus
662 584 886 633 streperet
912 572 1091 634 clipeis,
1118 586 1186 619 tot
1212 572 1458 646 stringeret
1484 589 1646 618 enses:

358 638 420 684 sic
448 651 546 691 toto
570 638 753 684 Aeneas
779 638 1019 684 desaevit
1008 656 1056 685 in
1083 655 1279 714 aequore
1306 638 1472 695 victor,

359 718 409 751 ut
434 704 575 750 semel
604 704 808 766 intepuit
834 721 1012 752 mucro.
1084 706 1198 768 quin
1227 722 1337 752 ecce
1363 705 1568 767 Niphaei
1724 730 1784 760 570

358 771 688 834 quadriiuges
677 788 725 817 1n
753 787 894 834 equos
921 772 1199 834 adversaque
1225 785 1411 834 pectora
1436 772 1605 818 tendit.

358 852 496 900 atque
522 838 607 894 illi,
637 838 775 898 longe
800 838 1089 898 gradientem
1116 852 1162 885 et
1187 839 1285 885 dira
1309 839 1593 884 frementem

359 918 410 951 ut
435 904 612 960 videre,
638 918 767 950 metu
795 905 911 951 versi
937 919 1154 968 retroque
1179 919 1365 952 ruentes

359 971 705 1046 effunduntque
732 971 919 1027 ducem,
946 971 1226 1035 rapiuntque
1253 972 1309 1018 ad
1335 972 1468 1018 litora
1493 988 1670 1018 currus.

358 1038 536 1084 interea
563 1037 729 1098 biiugis
756 1037 899 1083 infert
925 1054 971 1084 se
998 1038 1213 1099 Lucagus
1239 1039 1354 1085 albis

359 1105 407 1151 in
434 1104 627 1161 medios,
654 1105 889 1166 fraterque
917 1104 1091 1165 Liger;
1126 1106 1206 1151 sed
1231 1106 1369 1152 frater
1394 1105 1587 1152 habenis

358 1171 507 1218 flectit
533 1188 692 1234 equos,
719 1171 934 1217 strictum
960 1185 1078 1218 rotat
1104 1189 1207 1218 acer
1234 1173 1447 1232 Lucagus
1475 1188 1649 1218 ensem.

358 1238 483 1284 haud
509 1239 617 1284 tulit
643 1240 824 1284 Aeneas
851 1251 983 1284 tanto
1010 1239 1191 1284 fervore
1218 1239 1462 1285 furentes:

358 1305 518 1361 inruit,
546 1305 865 1367 adversaque
854 1321 1018 1365 ingens
1045 1305 1257 1367 apparuit
1282 1307 1424 1352 hasta.

359 1372 434 1418 cui
461 1372 601 1432 Liger
626 1391 635 1418 :
1728 1385 1789 1425 580

327 1445 339 1464 ‘
358 1456 453 1484 non
480 1438 726 1485 Diomedis
753 1455 912 1501 equos,
940 1455 1025 1485 nec
1054 1456 1243 1485 currum
1270 1438 1423 1485 cernis
1446 1438 1643 1495 Achilli,

357 1519 436 1552 aut
463 1506 689 1567 Phrygiae
717 1506 935 1568 campos3
973 1523 1101 1552 nunc
1131 1506 1240 1552 belli
1270 1505 1374 1552 finis
1399 1518 1445 1552 et
1470 1505 1569 1551 aevi

357 1573 427 1618 his
453 1572 638 1619 dabitur
664 1572 826 1619 terris.’
900 1589 1070 1618 vesano
1096 1573 1204 1619 talia
1229 1572 1320 1619 late

358 1639 484 1685 dicta
507 1640 667 1686 volant
694 1639 849 1700 Ligeri
874 1659 888 1694 ;
926 1639 1004 1685 sed
1030 1656 1125 1685 non
1153 1652 1199 1685 et
1225 1639 1398 1685 Tro'ius
1423 1640 1557 1685 heros

360 1706 486 1752 dicta
510 1719 636 1768 parat
663 1719 856 1759 contra3
894 1706 1102 1752 iaculum
1129 1723 1233 1752 nam
1264 1719 1450 1768 torquet
1475 1706 1524 1751 in
1551 1707 1749 1752 hostem.

359 1773 573 1833 Lucagus
601 1785 651 1818 ut
677 1789 849 1834 pronus
877 1772 1086 1833 pendens
1112 1772 1161 1817 in
1188 1772 1377 1818 verbera
1401 1773 1497 1818 telo

360 1839 602 1886 admonuit
627 1839 824 1900 biiugos,
853 1839 1062 1900 proiecto
1088 1839 1201 1884 dum
1226 1839 1345 1901 pede
1372 1839 1504 1884 laevo

360 1919 484 1968 aptat
511 1923 554 1951 se
580 1922 781 1967 pugnae,
806 1905 930 1951 subit
956 1922 1053 1951 oras
1078 1907 1206 1951 hasta
1231 1922 1311 1967 per
1336 1905 1448 1951 imas

360 1972 582 2033 fulgentis
608 1972 764 2034 clipei,
793 1985 893 2019 tum
922 1972 1105 2018 laevum
1132 1973 1333 2034 perforat
1359 1972 1566 2032 inguen3

361 2056 578 2086 excussus
604 2055 741 2084 curru
771 2039 1076 2084 moribundus
1102 2038 1305 2084 volvitur
1330 2039 1462 2085 arvis.
1730 2063 1792 2094 590

360 2123 500 2169 quem
526 2106 628 2168 pius
654 2106 836 2151 Aeneas
863 2105 1002 2151 dictis
1027 2105 1207 2152 adfatur
1232 2105 1394 2151 amaris
1415 2124 1424 2151 :

329 2179 341 2199 ‘
359 2174 561 2232 Lucage,
591 2173 722 2218 nulla
747 2186 849 2219 tuos
876 2189 1036 2219 currus
1062 2172 1169 2233 fuga
1194 2172 1344 2233 segnis
1371 2188 1595 2234 equorum

360 2239 578 2300 prodidit,
606 2253 685 2285 aut
712 2257 855 2286 vanae
880 2253 1058 2285 vertere
1085 2256 1143 2284 ex
1166 2239 1376 2285 hostibus
1401 2238 1620 2291 umbrae3

360 2306 456 2367 ipse
482 2306 593 2351 rotis
619 2306 784 2351 saliens
811 2306 917 2366 iuga
943 2304 1140 2351 deseris!
1211 2307 1325 2351 haec
1354 2305 1417 2351 ita
1443 2305 1563 2351 fatus

360 2371 554 2433 arripuit
581 2371 760 2433 biiugos
783 2391 796 2426 ;
836 2373 976 2418 frater
1001 2371 1223 2418 tendebat
1247 2371 1420 2417 inertes

361 2438 527 2484 infelix
556 2439 748 2513 palmas,
774 2455 911 2484 curru
938 2437 1150 2500 delapsus
1176 2438 1370 2484 eodem:

328 2511 341 2530 ‘
361 2522 446 2580 per
471 2518 533 2561 te,
558 2521 641 2567 per
666 2505 745 2579 qui
773 2518 817 2551 te
844 2505 986 2551 talem
1012 2521 1214 2565 genuere
1241 2516 1473 2580 parentes,

362 2572 431 2618 vir
456 2571 682 2628 Troiane,
703 2571 800 2617 sine
826 2573 946 2617 hanc
975 2571 1194 2627 animam,
1214 2584 1260 2618 et
1286 2571 1500 2618 miserere
1526 2569 1788 2634 precantis?

363 2638 573 2700 pluribus
600 2638 749 2684 oranti
774 2639 983 2684 Aeneas:
1022 2643 1034 2662 ‘
1052 2638 1176 2683 haud
1202 2638 1310 2684 talia
1337 2638 1514 2684 dudum

362 2705 487 2751 dicta
512 2704 665 2751 dabas.
737 2721 931 2760 morere,
959 2717 1004 2750 et
1031 2705 1219 2750 fratrem
1246 2721 1304 2750 ne
1330 2704 1486 2750 desere
1514 2705 1680 2751 frater.’
1727 2719 1790 2752 600
