1861 3256
299 236 347 274 82

744 238 786 275 P.
817 235 1053 276 VERGILI
1082 239 1340 296 MARONIS

362 349 465 412 quis
492 349 714 395 dubitet?
752 365 863 394 nam
889 365 1026 411 saepe
1052 350 1177 396 favos
1204 350 1390 411 ignotus
1417 350 1574 397 adedit

361 417 518 462 stellio
543 428 590 461 et
615 414 834 474 lucifugis
861 411 1080 476 congesta
1106 417 1282 463 cubilia
1305 416 1481 474 blattis,

359 482 664 543 inmunisque
690 481 855 527 sedens
882 482 1035 528 aliena
1060 483 1117 529 ad
1139 484 1312 545 pabula
1336 484 1471 529 fucus
1493 504 1506 540 ;

361 562 438 594 aut
465 564 596 609 asper
622 548 786 593 crabro
811 548 1050 610 inparibus
1076 567 1123 596 se
1150 550 1392 595 inmiscuit
1419 549 1571 607 armis,

361 628 441 660 aut
467 614 622 659 dirum
650 613 803 660 tineae
829 631 990 674 genus,
1018 630 1094 662 aut
1121 616 1269 662 invisa
1297 616 1550 662 Minervae

359 683 486 726 laxos
513 680 562 726 in
589 680 766 726 foribus
793 682 1038 744 suspendit
1064 700 1230 729 aranea
1256 700 1418 728 casses.

359 765 452 810 quo
478 747 621 807 magis
645 749 898 794 exhaustae
924 749 1117 807 fuerint,
1145 751 1234 795 hoc
1263 749 1412 795 acrius
1439 766 1603 795 omnes

358 814 642 860 incumbent
667 814 847 874 generis
874 815 989 877 lapsi
1017 815 1183 862 sarcire
1207 815 1379 874 ruinas,

358 880 764 955 complebuntque
790 882 912 927 foros
941 895 988 928 et
1013 882 1204 928 floribus
1230 884 1395 928 horrea
1421 895 1601 930 texent.

426 947 461 993 si
488 964 613 1004 vero,
641 948 865 1022 quoniam
892 966 1020 995 casus
1046 949 1209 1011 apibus
1235 962 1423 1012 quoque
1450 962 1632 996 nostros

357 1014 453 1059 vita
482 1014 606 1069 tulit,
636 1013 752 1059 tristi
781 1014 1076 1074 languebunt
1102 1033 1294 1078 corpora
1320 1016 1553 1062 morbo—

357 1080 521 1143 quod
510 1097 604 1126 lam
632 1097 728 1126 non
754 1080 908 1126 dubiis
935 1082 1109 1143 poteris
1137 1099 1420 1143 cognoscere
1446 1082 1617 1143 signis:

358 1147 588 1193 continuo
615 1160 682 1192 est
709 1147 852 1206 aegris
880 1148 995 1193 alius
1023 1149 1185 1205 color3
1221 1149 1410 1205 horrida
1435 1150 1622 1195 vultum

356 1214 591 1260 deformat
616 1213 787 1259 macies
811 1234 825 1270 ;
864 1227 964 1260 tum
991 1232 1182 1276 corpora
1209 1216 1318 1261 luce
1344 1229 1590 1262 carentum

357 1293 608 1342 exportant
635 1280 770 1326 tectis
798 1293 842 1326 et
869 1281 1016 1326 tristia
1043 1282 1209 1327 funera
1235 1282 1453 1336 ducunt3

357 1360 436 1392 aut
462 1347 573 1392 illae
599 1347 797 1408 pedibus
825 1364 1032 1393 conexae
1061 1348 1119 1393 ad
1144 1347 1308 1394 limina
1332 1349 1558 1410 pendent,

357 1427 436 1459 aut
461 1414 587 1459 intus
615 1413 782 1459 clausis
811 1427 1101 1460 cunctantur
1126 1414 1175 1459 in
1203 1414 1408 1471 aedibus,
1435 1432 1598 1461 omnes

356 1480 647 1542 ignavaeque
674 1480 799 1526 fame
827 1493 872 1526 et
899 1494 1145 1527 contracto
1170 1481 1341 1541 frigore
1367 1481 1559 1543 pigrae3

358 1561 458 1593 tum
485 1565 625 1593 sonus
652 1547 842 1593 auditur
867 1547 1051 1608 gravior
1078 1547 1359 1610 tractimque
1387 1561 1639 1606 susurrant,

357 1614 552 1674 frigidus
580 1627 631 1660 ut
657 1614 897 1676 quondam
925 1614 1051 1660 silvis
1077 1614 1392 1660 inmurmurat
1416 1615 1605 1672 Auster,

357 1694 408 1726 ut
434 1697 560 1726 mare
587 1681 845 1726 sollicitum
873 1680 1028 1726 stridit
1055 1680 1362 1726 refluentibus
1388 1681 1541 1739 undis,

356 1760 534 1793 aestuat
560 1760 611 1793 ut
638 1747 804 1792 clausis
831 1747 1021 1808 rapidus
1048 1747 1317 1793 fornacibus
1343 1747 1531 1807 ignis—

355 1813 431 1860 hic
459 1813 551 1860 iarn
577 1814 829 1874 galbaneos
858 1814 1063 1859 suadebo
1090 1813 1347 1860 incendere
1372 1814 1536 1860 odores

356 1881 592 1942 mellaque
619 1880 928 1926 harundineis
956 1880 1134 1926 inferre
1161 1881 1415 1935 canalibus,
1446 1881 1569 1927 ultro

355 1949 626 1993 hortantem
653 1960 699 1992 et
725 1947 861 1992 fessas
890 1947 947 1992 ad
974 1947 1148 2008 pabula
1175 1960 1286 1993 nota
1311 1960 1578 1993 vocantem.

355 2013 563 2076 proderit
591 2026 637 2060 et
663 2028 855 2060 tunsum
881 2014 1031 2074 gallae
1059 2013 1316 2060 admiscere
1342 2031 1555 2076 saporem

356 2093 632 2143 arentesque
658 2097 795 2136 rosas,
822 2094 902 2126 aut
929 2080 1025 2140 igni
1053 2080 1248 2142 pinguia
1274 2081 1425 2126 multo

354 2147 554 2204 defruta,
583 2147 656 2193 vel
687 2147 864 2193 Psithia
892 2164 1044 2209 passos
1072 2147 1131 2193 de
1157 2147 1253 2193 vite
1279 2164 1504 2204 racemOS,

357 2213 743 2289 Cecropiumque
771 2215 991 2275 thymum
1018 2226 1065 2260 et
1090 2230 1226 2273 grave
1252 2213 1431 2260 olentia
1457 2225 1728 2260 centaurea

357 2294 423 2326 est
450 2280 592 2326 etiam
619 2280 739 2326 flos
729 2298 777 2326 1n
805 2281 961 2342 pratis,
992 2280 1067 2327 cui
1097 2297 1272 2326 nomen
1300 2280 1471 2326 amello

356 2346 513 2392 fecere
539 2347 788 2407 agricolae,
818 2347 969 2393 facilis
998 2347 1333 2409 quaerentibus
1359 2347 1533 2392 herba·
1520 2367 1534 2403 3

356 2429 560 2474 namque
588 2430 684 2458 uno
711 2414 959 2473 ingentem
988 2413 1114 2458 tollit
1140 2413 1199 2458 de
1226 2412 1430 2475 caespite
1457 2412 1641 2469 silvam,

355 2496 518 2525 aureus
546 2479 660 2541 ipse,
689 2480 769 2524 sed
797 2479 846 2524 in
873 2479 1013 2535 foliis,
1041 2496 1160 2541 quae
1185 2479 1390 2540 plurima
1417 2478 1596 2526 circum

355 2545 638 2602 funduntur,
666 2546 821 2591 violae
848 2545 1066 2592 sublucet
1092 2562 1296 2606 purpura
1323 2545 1512 2605 nigrae3

355 2629 492 2674 saepe
519 2613 662 2658 deum
690 2612 823 2658 nexis
851 2625 1043 2658 ornatae
1070 2612 1312 2674 torquibus
1338 2629 1473 2669 arae;

356 2695 488 2741 asper
512 2678 561 2725 in
589 2695 668 2725 ore
695 2696 860 2740 sapor3
898 2678 1041 2725 tonsis
1067 2678 1117 2724 in
1144 2678 1345 2725 vallibus
1370 2679 1510 2726 illum

859 2767 881 2792 2
888 2765 935 2806 59
967 2755 1185 2805 ignavaque.

1728 907 1789 936 250

1727 1563 1790 1595 260

1725 2304 1783 2334 271
