1861 3256
682 945 685 948 ·
719 920 921 968 LIBER
959 921 1268 969 TERTIUS

312 1059 390 1105 TE
415 1076 616 1122 quoque,
645 1076 811 1120 magna
838 1061 984 1119 Pales,
1011 1076 1057 1109 et
1083 1075 1129 1108 te
1154 1062 1455 1109 memorande
1482 1077 1704 1108 canemus

308 1139 463 1188 pastor
489 1127 546 1172 ab
571 1127 857 1188 Amphryso,
887 1145 981 1185 vos,
1007 1129 1146 1175 silvae
1173 1145 1425 1203 amnesque
1451 1127 1641 1189 Lycaei.

309 1205 480 1250 cetera,
508 1210 626 1255 quae
653 1210 819 1239 vacuas
845 1194 1103 1241 tenuissent
1131 1195 1337 1241 carmine
1363 1208 1560 1249 mentes,

308 1258 467 1305 omnia
491 1259 583 1305 iam
609 1260 833 1319 vulgata:
872 1261 973 1323 quis
999 1274 1075 1308 aut
1102 1262 1363 1322 Eurysthea
1388 1261 1574 1316 durum,

309 1339 387 1372 aut
412 1325 639 1372 inlaudati
668 1326 818 1372 nescit
845 1327 1069 1373 Busiridis
1096 1331 1225 1373 aras?

309 1392 385 1438 cui
412 1409 506 1439 non
533 1392 685 1438 dictus
713 1393 862 1454 Hylas
887 1411 1019 1455 puer,
1047 1406 1093 1439 et
1118 1393 1316 1440 Latonia
1340 1394 1502 1448 Delos,

310 1458 725 1522 Hippodameque,
752 1476 1008 1522 umeroque
1037 1460 1242 1522 Pelops
1232 1460 1426 1520 insignis
1452 1460 1647 1517 eburno,

307 1542 414 1571 acer
434 1525 598 1588 equis?
668 1527 941 1588 temptanda
962 1526 1036 1573 via
1057 1540 1137 1582 est,
1156 1544 1247 1590 qua
1265 1544 1340 1573 me
1361 1543 1546 1597 quoque
1567 1525 1737 1588 possim

309 1592 474 1638 tollere
499 1594 644 1638 humo
674 1593 921 1656 victorque
949 1593 1102 1639 virum
1129 1593 1325 1639 volitare
1350 1611 1432 1668 per
1455 1598 1548 1639 ora.

306 1658 485 1721 primus
510 1676 594 1719 ego
619 1659 669 1704 in
695 1660 893 1721 patriam
922 1676 1129 1716 mecum,
1154 1660 1293 1706 modo
1318 1660 1413 1706 vita
1438 1659 1652 1721 supersit,
1700 1684 1739 1705 10

306 1725 464 1772 Aonio
488 1725 671 1771 rediens
700 1726 934 1772 deducam
963 1726 1138 1772 vertice
1167 1727 1364 1783 Musas3

308 1793 483 1854 primus
510 1792 753 1838 Idumaeas
780 1793 979 1839 referam
1008 1793 1108 1850 tibi,
1138 1794 1359 1850 Mantua,
1384 1793 1562 1855 palmas

309 1871 356 1905 et
380 1858 517 1904 viridi
544 1859 592 1904 in
619 1875 785 1920 campo
814 1860 1047 1921 templum
1073 1860 1130 1906 de
1157 1877 1388 1906 marmore
1414 1876 1588 1921 ponam

306 1938 499 1988 propter
525 1942 704 1987 aquam,
733 1926 874 1972 tardis
903 1927 1066 1987 ingens
1093 1927 1173 1973 ubi
1200 1926 1399 1973 flexibus
1424 1939 1545 1972 errat

310 1992 525 2038 Mincius
551 2006 595 2038 et
622 2005 784 2038 tenera
814 1993 1048 2054 praetexit
1076 1993 1340 2039 harundine
1368 1992 1503 2055 ripas.

307 2059 357 2105 in
383 2059 540 2105 medio
565 2059 680 2104 mihi
710 2058 882 2105 Caesar
914 2059 1000 2105 erit
1028 2060 1355 2122 templumque
1382 2058 1578 2106 tenebit.

307 2125 378 2171 illi
405 2125 557 2171 victor
583 2141 667 2185 ego
694 2138 740 2171 et
769 2126 920 2187 Tyrio
949 2139 1226 2188 conspectus
1253 2126 1301 2172 in
1327 2139 1450 2172 ostro

309 2205 504 2238 centum
531 2192 825 2255 quadriiugos
854 2193 1038 2253 agitabo
1064 2193 1121 2238 ad
1146 2192 1343 2239 flumina
1367 2209 1542 2239 currus.

309 2273 480 2305 cuncta
505 2259 620 2305 mihi
646 2260 892 2321 Alpheum
921 2260 1137 2323 linquens
1164 2260 1386 2322 lucosque
1414 2257 1658 2304 Molorchi

308 2325 516 2371 cursibus
543 2338 589 2371 et
616 2326 762 2372 crudo
792 2327 1014 2372 decernet
1041 2326 1241 2372 Graecia
1266 2337 1439 2371 caestu.
1699 2347 1741 2370 20

307 2391 405 2453 ipse
432 2404 573 2453 caput
599 2404 758 2438 tonsae
790 2392 911 2438 foliis
939 2406 1128 2438 ornatus
1154 2391 1303 2437 olivae

308 2458 430 2503 dona
455 2458 614 2503 feram.
691 2458 783 2504 iam
811 2475 940 2504 nunc
969 2459 1217 2504 sollemnes
1243 2457 1414 2503 ducere
1440 2473 1632 2519 pompas

308 2524 366 2570 ad
389 2524 587 2570 delubra
610 2524 737 2570 iuvat
764 2541 1010 2586 caesosque
1036 2524 1193 2570 videre
1218 2523 1441 2570 iuvencos
1462 2543 1477 2577 3

309 2589 382 2636 vel
411 2606 576 2636 scaena
602 2603 653 2636 ut
678 2590 820 2636 versis
845 2590 1053 2637 discedat
1079 2590 1326 2647 frontibus,
1352 2602 1498 2653 utque

310 2673 542 2718 purpurea
570 2656 741 2703 intexti
771 2657 941 2703 tollant
968 2657 1128 2703 aulaea
1154 2656 1386 2703 Britanni.

696 2746 714 2783 3
747 2734 926 2772 carmina.
1038 2745 1088 2771 20
1119 2733 1295 2771 decernit.
