2912 4368
852 993 1125 1030 AENEIDOS
1158 992 1259 1030 LIB.
1292 993 1352 1029 XI

427 1104 517 1148 fata
544 1115 710 1147 vocant
735 1119 744 1146 :
785 1100 903 1144 salve
933 1113 1176 1144 aeternum
1203 1098 1334 1153 mihi,
1365 1097 1565 1143 maxime
1596 1097 1739 1152 Palla,

428 1183 763 1228 aeternumque
789 1165 921 1212 vale)
995 1182 1082 1211 nec
1110 1167 1244 1227 plura
1271 1166 1433 1211 effatus
1462 1165 1516 1209 ad
1544 1164 1657 1209 altos

428 1235 648 1282 tendebat
674 1250 830 1278 muros
856 1249 1156 1294 gressumque
1185 1233 1232 1278 in
1263 1247 1406 1278 castra
1434 1232 1627 1277 ferebat.

493 1303 677 1362 iamque
705 1314 907 1345 oratores
934 1301 1123 1345 aderant
1151 1315 1206 1344 ex
1234 1299 1346 1344 urbe
1376 1298 1557 1354 Latina,
1797 1323 1854 1343 120

427 1368 563 1414 velati
590 1368 725 1412 ramis
754 1368 896 1423 oleae,
925 1366 1206 1428 veniamque
1235 1381 1447 1426 rogantes
1475 1384 1482 1411 :

427 1453 632 1496 corpora,
658 1452 740 1496 per
768 1451 950 1495 campos
978 1434 1099 1479 ferro
1127 1451 1242 1495 quae
1271 1433 1369 1477 fusa
1396 1433 1630 1489 iacebant,

424 1502 652 1556 redderet,
681 1519 730 1547 ac
761 1502 946 1547 tumulo
975 1501 1146 1546 sineret
1174 1500 1424 1545 succedere
1453 1514 1598 1545 terrae
1624 1520 1636 1555 3

426 1570 613 1615 nullum
643 1586 751 1614 cum
780 1568 913 1614 victis
942 1581 1179 1613 certamen
1210 1582 1254 1612 et
1282 1569 1468 1612 aethere
1497 1567 1627 1612 cassis
1655 1588 1664 1622 3

425 1650 633 1698 parceret
660 1636 921 1696 hospitibus
950 1635 1187 1697 quondam
1216 1635 1476 1696 socerisque
1504 1635 1692 1680 vocatis.

425 1720 539 1765 quos
568 1703 716 1748 bonus
741 1704 939 1758 Aeneas,
970 1702 1105 1747 haud‘
1123 1702 1407 1764 aspernanda
1432 1717 1694 1764 precantes,

425 1771 723 1832 prosequitur
749 1770 898 1826 venia,
929 1783 974 1815 et
1002 1770 1153 1815 verbis
1181 1771 1293 1814 haec
1323 1769 1513 1829 insuper
1541 1769 1668 1814 addit
1695 1787 1703 1813 :

427 1854 656 1900 quaenam
685 1854 763 1882 vos
793 1850 925 1883 tanto
952 1837 1141 1882 fortuna
1168 1836 1380 1896 indigna,
1407 1836 1585 1890 Latini,

426 1904 649 1966 inplicuit
676 1905 820 1960 bello,
849 1904 927 1966 qui
958 1922 1039 1949 nos
1069 1904 1255 1964 fugiatis
1283 1903 1491 1949 amicos?

426 1988 590 2033 pacem
619 1988 692 2016 me
722 1971 950 2017 exanimis
980 1986 1025 2017 et
1055 1971 1225 2016 Martis
1253 1985 1373 2015 sorte
1399 1970 1657 2032 peremptis
1802 1994 1858 2015 110

426 2039 598 2084 oratis?
637 2039 858 2100 equidem
888 2052 932 2083 et
962 2038 1074 2083 vivis
1104 2038 1365 2083 concedere
1394 2038 1583 2083 vellem.

427 2123 512 2151 nec
542 2106 667 2161 veni,
695 2106 782 2151 nisi
811 2106 904 2150 fata
931 2107 1090 2151 locum
1119 2106 1372 2167 sedemque
1400 2105 1655 2150 dedissent.

427 2190 513 2218 nec
543 2173 722 2218 bellum
749 2190 858 2218 cum
887 2187 1026 2232 gente
1054 2189 1160 2232 gero
1186 2191 1194 2217 :
1234 2190 1312 2217 rex
1343 2186 1497 2217 nostra
1524 2171 1716 2233 reliquit

425 2239 643 2314 hospitia,
671 2253 716 2284 et
745 2240 902 2284 Turni
930 2240 1087 2301 potius
1115 2257 1159 2284 se
1188 2239 1388 2285 credidit
1416 2238 1567 2285 armis.

427 2307 619 2368 aequius
647 2306 757 2352 huic
788 2307 1011 2351 Turnum
1041 2314 1192 2351 ruerat
1220 2323 1263 2351 se
1291 2323 1528 2368 opponere
1557 2305 1712 2351 morti.

427 2392 460 2419 s1
489 2374 670 2419 bellurn
700 2373 832 2418 finire
860 2390 1018 2427 manu,
1048 2373 1080 2418 si
1110 2374 1287 2434 pellere
1317 2374 1531 2418 Teucros

426 2458 563 2514 appar
546 2455 627 2492 rat
657 2440 723 2484 1115
751 2458 941 2486 1116611111
970 2440 1132 2486 decuit
1160 2457 1442 2486 concurrere
1471 2440 1573 2486 telis
1603 2461 1614 2495 ;

425 2508 567 2563 111161,
598 2507 673 2552 6111
703 2507 844 2552 vitam
873 2507 986 2552 deus
1015 2522 1093 2552 aut
1121 2524 1199 2552 sua
1226 2507 1389 2553 dextra
1416 2507 1634 2553 dedisset.

425 2591 553 2620 nunc
582 2574 661 2629 ite,
692 2587 737 2619 et
765 2574 942 2619 miseris
972 2574 1224 2635 supponite
1253 2574 1431 2620 civibus
1460 2574 1648 2634 ignem)

425 2642 607 2686 dixerat
633 2642 831 2688 Aeneas.
906 2641 975 2686 illi
1005 2642 1272 2703 obstipuere
1301 2641 1509 2698 silentes,
1805 2666 1862 2686 120

427 2708 735 2770 conversique
764 2709 923 2754 oculos
953 2708 1076 2754 inter
1104 2725 1147 2754 se
1176 2723 1316 2771 atque
1344 2727 1419 2754 ora
1446 2709 1688 2755 tenebant.

426 2789 527 2821 tum
556 2775 707 2820 senior
735 2792 1013 2837 semperque
1042 2776 1158 2821 odiis
1189 2789 1233 2821 et
1262 2776 1461 2821 crimine
1490 2777 1702 2822 Drances

427 2842 638 2887 infensus
666 2842 825 2888 iuveni
856 2843 1027 2888 Turno
1057 2843 1117 2888 sic
1146 2860 1221 2888 ore
1248 2842 1454 2888 vicissim

427 2926 525 2954 orsa
552 2909 694 2954 refert
721 2928 729 2954 :
769 2914 780 2933 ‘
799 2927 824 2954 o
852 2910 975 2955 fama
1004 2910 1185 2969 ingens,
1213 2909 1449 2969 ingentior
1477 2910 1629 2965 armis,

427 2976 495 3020 vir
523 2976 749 3032 Troiane,
777 2976 945 3038 quibus
975 2978 1104 3022 caelo
1134 2992 1176 3022 te
1205 2977 1419 3022 laudibus
1448 2981 1681 3039 aequem?

429 3043 697 3089 iustitiaene
725 3044 853 3104 prius
882 3044 1038 3099 mirer,
1070 3044 1246 3089 belline
1274 3044 1523 3089 laborum?

429 3127 510 3156 nos
536 3128 647 3157 vero
673 3112 786 3156 haec
817 3111 1012 3172 patriam
1042 3112 1156 3172 grati
1187 3113 1441 3158 referemus
1470 3113 1524 3157 ad
1553 3112 1729 3166 urbem,

432 3191 476 3221 et
503 3190 562 3231 te,
592 3178 625 3223 si
656 3196 745 3240 qua
772 3178 894 3224 viam
923 3179 1103 3225 dederit
1131 3180 1332 3234 fortuna,
1362 3179 1533 3225 Latino

430 3243 676 3302 iungemus
704 3246 813 3305 regi.
887 3260 1075 3308 quaerat
1103 3247 1187 3291 sibi
1217 3247 1405 3292 foedera
1435 3248 1644 3292 Turnus.

433 3309 547 3370 quin
576 3324 620 3355 et
648 3312 807 3358 fatales
834 3329 1076 3359 murorum
1106 3315 1320 3359 attollere
1348 3315 1513 3370 moles,
1805 3337 1862 3365 130

433 3393 630 3437 saxaque
658 3378 928 3425 subvectare
957 3380 1128 3426 umeris
1159 3381 1367 3426 Troiana
1394 3380 1602 3426 iuvabit?

433 3443 615 3488 dixerat
642 3444 774 3498 haec,
802 3462 991 3507 unoque
1023 3463 1185 3492 omnes
1213 3448 1375 3492 eadem
1403 3464 1480 3493 ore
1509 3447 1790 3491 fremebant.

846 3534 858 3557 1
869 3522 915 3558 26
948 3523 1152 3562 iustitiane.
1210 3524 1388 3561 laborem.
