1866 3208
285 226 364 274 264
737 225 779 263 P.
811 224 1044 263 VERGILI
1075 225 1332 263 MAR0N1s

354 345 400 378 te
425 330 584 394 potuit
609 330 815 376 lacrimis
842 329 1075 377 Tithonia
1100 330 1290 378 flectere
1316 330 1544 378 coniunx.

352 398 527 460 aspice,
552 397 633 459 qui
661 403 831 443 coeant
855 396 1038 459 populi,
1066 415 1186 460 quae
1212 396 1401 444 moenia
1427 396 1596 443 clausis

353 465 531 510 fer-rum
556 475 733 509 acuant
757 462 906 524 portis
932 463 982 509 in
1009 480 1085 510 me
1112 463 1450 525 excidiumque
1476 461 1722 512 meorum.’

350 530 551 586 dixerat,
581 542 627 575 et
653 528 802 575 niveis
829 529 942 576 hinc
969 543 1109 593 atque
1135 531 1247 576 hinc
1275 530 1383 575 diva
1409 530 1597 576 lacertis

351 608 665 642 cunctantem
692 595 916 657 amplexu
942 596 1076 642 molli
1104 597 1250 643 fovet.
1321 596 1403 642 ille
1428 609 1626 658 repente

350 661 536 725 accepit
561 662 747 708 solitam
774 661 1027 721 flammam,
1056 676 1291 725 notusque
1316 662 1547 708 medullas

349 728 547 775 intravit
573 729 721 786 calor,
747 741 795 774 et
820 729 1054 776 labefacta
1079 747 1164 792 per
1190 747 1288 776 ossa
1315 728 1524 775 cucurrit
1547 747 1558 775 :
1718 754 1781 785 390

349 812 446 841 non
474 812 606 842 secus
633 808 773 858 atque
799 795 931 854 olim,
960 796 1140 842 tonitru
1167 814 1277 843 cum
1304 809 1440 858 rupta
1466 812 1662 842 corusco

349 862 487 923 ignea
513 862 631 908 rima
657 862 837 908 micans
863 863 1100 924 percurrit
1127 863 1307 909 lumine
1335 862 1537 909 nimbos.

349 929 495 975 sensit
521 929 644 974 laeta
670 928 791 974 dolis
817 942 864 974 et
891 929 1070 975 formae
1096 929 1284 976 conscia
1310 928 1537 976 coniunx.

348 1008 451 1042 tum
476 1008 611 1058 pater
637 1009 832 1041 aeterno
861 995 985 1042 fatur
1010 996 1261 1042 devinctus
1285 1013 1439 1042 amore
1464 1014 1474 1042 ε

316 1066 328 1086 ‘
348 1062 463 1126 quid
490 1079 648 1108 causas
674 1061 795 1124 petis
823 1078 880 1107 ex
908 1062 1037 1108 alto?
1074 1062 1246 1109 fiducia
1273 1062 1410 1109 cessit

348 1146 443 1192 quo
470 1128 575 1185 tibi,
600 1128 723 1184 diva,
753 1128 884 1174 mei?
955 1128 1119 1175 similis
1147 1129 1181 1175 si
1209 1145 1321 1175 cura
1347 1129 1526 1186 fuisset,

348 1208 452 1242 tum
478 1212 670 1258 quoque
698 1195 765 1241 fas
792 1195 929 1241 nobis
957 1195 1172 1241 Teucros
1198 1212 1375 1241 armare
1402 1196 1565 1242 fuisset
1588 1216 1601 1252 ;

349 1279 437 1308 nec
467 1263 605 1308 Pater
630 1261 937 1324 omnipotens
965 1261 1163 1308 Troiam
1191 1278 1279 1308 nec
1308 1262 1400 1308 fata
1426 1263 1652 1308 vetabant

347 1341 467 1375 stare
493 1329 759 1391 decemque
786 1327 902 1374 alios
932 1328 1173 1375 Priamum
1200 1345 1440 1390 superesse
1466 1345 1549 1390 per
1575 1345 1738 1375 annos.

348 1409 396 1442 et
422 1412 566 1453 nunc,
594 1395 630 1442 si
657 1395 835 1442 bellare
861 1412 993 1457 paras
1022 1410 1162 1458 atque
1188 1396 1306 1441 haec
1335 1394 1421 1441 tibi
1448 1412 1581 1440 mens
1609 1408 1693 1452 est,
1719 1420 1781 1449 400

347 1462 583 1525 quidquid
610 1462 658 1508 in
687 1475 786 1508 arte
814 1478 918 1508 mea
943 1478 1133 1525 possum
1159 1461 1436 1523 promittere
1463 1478 1616 1518 curae,

347 1529 475 1591 quod
503 1528 603 1575 fieri
630 1529 756 1575 ferro
782 1528 1028 1591 liquidove
1057 1541 1212 1591 potest
1238 1529 1430 1586 electro,

346 1609 581 1658 quantum
607 1595 738 1656 ignes
766 1595 1050 1658 animaeque
1076 1596 1255 1653 valent,
1282 1595 1451 1642 absiste
1475 1595 1716 1658 precando

346 1662 524 1708 viribus
551 1662 825 1708 indubitare
854 1662 979 1709 tuis.’
1053 1679 1104 1709 ea
1131 1662 1270 1708 verba
1297 1662 1484 1708 locutus

345 1741 531 1791 optatos
558 1729 693 1775 dedit
719 1729 982 1791 amplexus,
1010 1729 1350 1791 placidumque
1375 1727 1548 1791 petivit

347 1795 560 1856 coniugis
586 1795 772 1841 infusus
799 1795 979 1856 gremio
1004 1812 1090 1857 per
1115 1794 1327 1841 membra
1353 1812 1583 1857 soporem.

413 1862 527 1909 inde
554 1861 633 1908 ubi
661 1862 813 1924 prima
841 1861 973 1924 quies
1000 1861 1158 1907 medio
1183 1861 1277 1907 iam
1303 1862 1456 1908 noctis
1482 1862 1676 1908 abactae

345 1929 587 1975 curriculo
615 1928 864 1991 expulerat
891 1945 1128 1985 somnum,
1156 1945 1265 1974 cum
1292 1928 1471 1974 femina
1497 1928 1722 1990 primum,

345 1995 422 2042 cui
451 1995 652 2042 tolerare
679 1995 785 2042 colo
811 1995 959 2041 vitam
987 1994 1215 2057 tenuique
1243 1994 1466 2041 Minerva

345 2062 627 2124 inpositum,
653 2061 866 2109 cinerem
893 2074 940 2107 et
966 2060 1141 2123 sopitos
1167 2061 1359 2108 suscitat
1385 2061 1533 2122 ignes,
1719 2087 1781 2116 410

345 2142 540 2175 noctem
566 2129 745 2175 addens
772 2127 922 2191 operi,
948 2128 1244 2191 famulasque
1270 2128 1328 2174 ad
1355 2128 1537 2174 lumina
1563 2128 1706 2189 longo

344 2208 537 2242 exercet
561 2213 727 2258 penso,
755 2210 937 2242 castum
965 2208 1017 2241 ut
1043 2211 1223 2241 servare
1250 2195 1409 2242 cubile

344 2262 560 2323 coniugis
589 2275 636 2308 et
661 2262 808 2325 possit
833 2278 1000 2324 parvos
1028 2261 1230 2308 educere
1257 2274 1390 2308 natos
1415 2279 1425 2307 :

344 2328 471 2374 haud
498 2345 630 2374 secus
658 2328 936 2390 Ignipotens
963 2345 1052 2374 nec
1081 2341 1294 2388 tempore
1321 2326 1505 2388 segnior
1529 2326 1614 2374 illo

345 2394 570 2440 mollibus
599 2411 623 2441 e
651 2395 805 2440 stratis
833 2411 973 2457 opera
997 2394 1054 2440 ad
1080 2394 1265 2439 fabrilia
1292 2394 1453 2454 surgit.

345 2461 501 2507 insula
530 2460 776 2508 Sicanium
802 2460 935 2506 iuxta
961 2460 1082 2506 latus
1108 2459 1421 2522 Aeoliamque

346 2526 540 2588 erigitur
565 2527 791 2589 Liparen,
819 2526 1115 2572 fumantibus
1141 2526 1283 2572 ardua
1309 2527 1442 2584 saxis,

346 2611 491 2657 quam
517 2593 678 2640 subter
703 2609 868 2655 specus
897 2606 943 2639 et
971 2593 1241 2654 Cyclopum
1268 2609 1404 2639 exesa
1430 2593 1627 2640 caminis

347 2673 483 2707 antra
507 2661 722 2707 Aetnaea
748 2673 932 2716 tonant,
959 2659 1200 2722 validique
1226 2659 1482 2706 incudibus
1508 2659 1632 2707 ictus

660 2752 735 2791 394
765 2740 945 2779 devictus.
1055 2741 1133 2789 406
1164 2740 1347 2780 infusum.
