1861 3256
481 281 789 319 BUCOLICA:
822 281 936 319 ECL.
967 280 1073 318 VIII
1472 289 1520 315 21

91 385 304 447 coniugis
331 397 382 432 ut
407 383 599 444 magicis
625 400 757 430 sanos
784 397 990 430 avertere
1017 383 1154 429 sacris
1212 430 1215 432 ,

91 453 302 515 experiar
327 469 482 499 sensus
505 471 519 507 3
556 450 676 496 nihil
703 450 782 496 hic
809 450 898 496 nisi
925 450 1131 496 carmina
1154 449 1327 496 desunt
1350 469 1363 505 ;

157 520 317 567 ducite
371 519 427 565 ab
486 517 600 565 urbe
660 517 873 574 domum,
926 534 1030 563 mea
1084 517 1310 573 carmina,
1364 515 1524 562 ducite

226 586 490 649 Daphnim.

91 654 299 702 carmina
324 654 398 700 vel
425 653 556 699 caelo
579 664 775 715 possunt
799 651 1032 697 deducere
1059 652 1246 697 Lunam
1268 671 1282 708 3
1487 675 1528 704 70

92 720 380 768 carminibus
407 719 549 767 Circe
576 719 721 766 socios
747 718 950 764 mutavit
977 718 1115 764 Ulixi
1137 739 1150 774 3

91 788 287 850 frigidus
313 787 362 833 in
388 787 530 850 pratis
557 786 792 833 cantando
817 785 1053 846 rumpitur
1079 785 1256 845 anguis.

159 854 320 901 ducite
375 855 430 900 ab
491 854 605 900 urbe
664 853 874 909 domum,
930 869 1035 898 mea
1089 853 1310 909 carmina,
1367 851 1527 897 ducite

226 921 489 984 Daphnim.

91 1004 224 1037 terna
249 989 334 1036 tibi
360 990 474 1035 haec
501 988 709 1050 primum
735 987 913 1049 triplici
938 986 1121 1032 diversa
1146 987 1303 1033 colore

90 1056 200 1103 licia
225 1055 486 1112 circumdo,
515 1069 680 1118 terque
705 1056 819 1101 haec
847 1054 1007 1100 altaria
1034 1055 1215 1100 circum

91 1123 292 1184 effigiem
318 1123 442 1169 duco
464 1143 478 1180 3
515 1139 714 1168 numero
740 1121 853 1168 deus
879 1121 1040 1183 inpare
1065 1121 1250 1181 gaudet.

157 1190 318 1237 ducite
374 1190 429 1236 ab
489 1189 604 1236 urbe
664 1189 874 1246 domum,
930 1205 1035 1234 mea
1090 1187 1312 1243 carmina,
1369 1185 1529 1232 ducite

225 1257 485 1320 Daphnim.

90 1338 229 1371 necte
256 1325 403 1371 tribus
429 1323 565 1370 nodis
591 1336 763 1381 ternos,
790 1322 1040 1384 Amarylli,
1069 1323 1246 1369 colores
1269 1342 1283 1378 3

90 1406 246 1449 necte,
290 1391 538 1453 Amarylli,
576 1391 732 1446 m0d0,
774 1404 834 1449 et,
876 1387 1133 1446 ‘Veneris‚'
1172 1389 1266 1446 dic,
1309 1394 1321 1414 ‘
1342 1388 1532 1433 vincula

225 1457 398 1505 nect0.'

158 1526 321 1572 ducite
376 1525 431 1572 ab
493 1525 606 1572 urbe
667 1526 880 1581 domum,
934 1541 1038 1570 mea
1092 1523 1314 1578 carmina,
1370 1522 1531 1568 ducite

226 1592 491 1654 Daphnim.
1493 1604 1534 1634 80

91 1661 233 1707 limus
260 1673 311 1706 ut
336 1659 413 1705 hic
440 1659 666 1716 durescit,
693 1672 740 1705 et
765 1675 880 1704 naec
909 1671 959 1704 ut
987 1674 1093 1703 cera
1117 1656 1340 1720 liquescit

91 1745 188 1774 uno
213 1727 475 1788 eodemque
499 1725 614 1786 igni,
641 1725 705 1772 sic
734 1738 894 1770 nostro
921 1723 1141 1786 Daphnis
1168 1741 1340 1770 amore.

90 1811 252 1857 sparge
277 1793 471 1850 molam,
497 1805 543 1839 et
569 1792 755 1853 fragiles
779 1791 985 1837 incende
1014 1791 1250 1837 bitumine
1277 1792 1446 1837 laurus.

90 1860 308 1923 Daphnis
328 1877 405 1907 me
426 1860 576 1906 malus
598 1859 708 1916 urit,
728 1875 814 1921 ego
834 1859 956 1905 hanc
978 1858 1029 1904 in
1049 1858 1308 1920 Daphnide
1329 1859 1531 1904 laurum.

158 1928 320 1976 ducite
375 1928 432 1974 ab
493 1927 607 1973 urbe
661 1927 871 1983 domum,
928 1943 1032 1972 mea
1087 1926 1311 1981 carmina,
1367 1925 1530 1972 ducite

227 1995 490 2057 Daphnim.

93 2064 197 2111 talis
224 2080 352 2109 arnor
376 2061 640 2124 Daphnim,
666 2061 815 2124 qualis
841 2078 952 2108 cum
978 2060 1131 2107 fessa
1120 2077 1379 2106 ruvencum

91 2149 177 2194 per
201 2147 395 2177 nemora
423 2142 563 2193 atque
590 2129 707 2175 altos
734 2128 1002 2191 quaerendo
1028 2129 1202 2174 bucula
1228 2129 1359 2173 lucos

93 2211 283 2261 propter
308 2214 453 2261 aquae
479 2197 635 2243 rivum
660 2195 800 2242 viridi
825 2195 1135 2257 procumbit
1123 2213 1172 2240 1n
1200 2195 1309 2241 ulva

93 2265 290 2327 perdita,
315 2282 403 2311 nec
431 2281 556 2310 serae
583 2263 805 2310 meminit
830 2263 1057 2310 decedere
1084 2262 1228 2320 nocti,

95 2332 198 2378 talis
223 2349 351 2379 amor
378 2345 552 2388 teneat,
581 2349 668 2378 nec
696 2331 755 2377 sit
780 2330 898 2376 mihi
926 2348 1037 2376 cura
1062 2330 1260 2375 mederi.
1494 2352 1535 2383 90

163 2399 322 2446 ducite
382 2400 440 2446 ab
501 2399 615 2445 urbe
668 2399 878 2456 domum,
934 2415 1039 2444 mea
1093 2396 1315 2452 carmina,
1371 2395 1532 2442 ducite

228 2466 487 2529 Daphnim.

96 2533 177 2578 has
201 2533 316 2579 olim
342 2534 531 2580 exuvias
557 2533 675 2580 mihi
701 2533 905 2596 perfidus
931 2532 1013 2579 ille
1038 2532 1250 2595 reliquit,

97 2599 291 2660 pignora
315 2617 418 2646 cara
441 2601 510 2647 sui
536 2619 545 2648 :
584 2618 702 2665 quae
728 2617 857 2647 nunc
886 2617 970 2660 ego
996 2600 1163 2645 limine
1190 2599 1239 2644 in
1265 2599 1379 2661 ipso,

97 2678 232 2721 terra,
259 2665 345 2711 tibi
370 2668 541 2713 mando
566 2687 581 2721 ;
618 2668 796 2714 debent
820 2669 935 2714 haec
963 2667 1158 2729 pignora
1183 2665 1446 2727 Daphnim.

168 2731 328 2778 ducite
388 2733 444 2778 ab
502 2734 616 2780 urbe
670 2735 882 2791 domum,
936 2751 1040 2780 mea
1094 2733 1317 2788 carmina,
1373 2729 1531 2777 ducite

232 2799 493 2860 Daphnim.
