1861 3256
483 266 788 306 BUCOLICA:
821 267 934 304 ECL.
964 265 1070 303 VIII
1409 264 1411 266 ’
1477 274 1523 313 19

552 469 834 516 ECLOGA
871 469 999 514 VIII

526 578 1027 617 PHARMACEUTRIA

483 678 651 716 DAMON.
761 679 1070 715 ALPHESIBOEUS.

93 767 353 813 PAs'rORUM
382 763 574 810 Musam
599 761 830 809 Damonis
856 775 902 807 et
926 761 1251 823 Alphesiboei,

90 834 326 879 inmemor
350 831 601 877 herbarum
628 846 743 892 quos
769 842 837 875 est
862 828 1027 875 mirata
1051 829 1253 875 iuvenca

90 911 339 956 certante-S,
366 914 568 961 quorum
596 897 887 958 stupefactae
914 896 1121 942 carmine
1148 897 1324 958 lynces,

89 980 136 1013 et
162 979 341 1013 mutata
365 982 469 1011 suos
494 964 775 1027 requierunt
799 962 998 1009 flumina
1023 980 1198 1020 cursus,

90 1032 320 1081 Damonis
348 1033 540 1079 Musam
567 1031 780 1077 dicemus
808 1044 855 1077 et
879 1030 1203 1092 Alphesiboei.

158 1113 209 1147 tu
235 1099 353 1147 mihi
380 1117 459 1146 seu
486 1098 645 1159 magni
673 1115 859 1160 superas
886 1097 979 1144 iam
1005 1114 1110 1143 saxa
1135 1096 1345 1153 Timavi,

91 1168 185 1214 sive
211 1184 339 1213 oram
365 1166 545 1228 Illyrici
573 1165 687 1226 legis
715 1165 942 1228 aequoris,
971 1181 1030 1211 en
1058 1164 1144 1211 erit
1170 1180 1395 1227 umquam

91 1235 172 1281 ille
198 1234 310 1290 dies,
338 1234 457 1280 mihi
484 1251 595 1280 cum
622 1234 763 1279 liceat
791 1246 870 1279 tua
895 1232 1051 1278 dicere
1077 1232 1234 1278 facta?

92 1319 151 1349 en
179 1302 268 1348 erit
293 1315 345 1348 ut
370 1301 509 1347 liceat
536 1314 691 1348 totum
719 1300 836 1346 mihi
863 1300 983 1345 ferre
1009 1316 1091 1361 per
1114 1298 1279 1345 orbem

92 1370 187 1416 sola
215 1369 479 1430 Sophocleo
505 1381 585 1415 tua
612 1367 821 1414 carmina
845 1367 984 1427 digna
1010 1367 1280 1413 cothurno?
1493 1388 1533 1410 10

93 1455 118 1483 a
143 1449 188 1483 te
213 1435 518 1498 principium,
549 1434 634 1480 tibi
663 1434 863 1481 desinet.
934 1433 1097 1495 accipe
1122 1432 1254 1479 iussis

93 1503 301 1550 carmina
326 1516 491 1564 coepta
518 1502 626 1558 tuis,
655 1515 795 1564 atque
820 1503 943 1547 hanc
972 1500 1070 1547 sine
1096 1514 1308 1562 tempora
1333 1499 1514 1547 circum

92 1571 216 1617 inter
240 1569 458 1616 victrices
484 1569 709 1615 hederam
737 1569 824 1615 tibi
852 1584 1034 1630 serpere
1060 1568 1232 1614 laurus·

160 1636 328 1698 frigida
352 1636 430 1681 vix
457 1636 589 1682 caelo
616 1635 768 1682 noctis
796 1635 1056 1681 decesserat
1083 1634 1260 1690 umbra,

94 1721 204 1751 cum
230 1721 301 1749 ros
327 1703 376 1748 in
404 1716 566 1749 tenera
590 1702 752 1764 pecori
779 1701 1062 1762 gratissimus
1088 1700 1234 1747 herba
1258 1719 1269 1747 :

92 1771 376 1818 incumbens
401 1770 540 1816 tereti
569 1770 760 1816 Damon
789 1769 852 1815 sic
881 1768 1038 1831 coepit
1063 1768 1228 1815 olivae.

165 1838 229 1885 D.
272 1853 476 1894 nascere,
523 1853 728 1900 praeque
773 1836 900 1883 diem
942 1835 1138 1883 veniens
1181 1851 1278 1896 age,
1324 1834 1535 1891 Lucifer,

227 1905 421 1960 almum,

94 1972 304 2033 coniugis
330 1972 527 2032 indigno
554 1972 713 2033 Nysae
740 1971 967 2033 deceptus
992 1988 1148 2018 amore

93 2040 207 2086 dum
233 2056 415 2103 queror,
445 2052 491 2086 et
517 2039 658 2096 divos,
689 2056 975 2102 quamquam
1001 2039 1069 2085 nil
1097 2038 1292 2086 testibus
1319 2036 1411 2084 illis

94 2107 289 2169 profeci,
315 2120 524 2153 extrema
550 2106 755 2153 moriens
783 2120 941 2153 tamen
969 2106 1197 2168 adloquor
1222 2107 1349 2152 hora.
1497 2128 1538 2150 20

161 2174 319 2236 incipe
348 2174 615 2220 Maenalios
642 2191 849 2230 mecum,
878 2191 981 2220 mea
1007 2173 1134 2231 tibia,
1161 2190 1332 2220 versus·

97 2242 347 2288 Maenalus
374 2255 686 2304 argutumque
714 2258 880 2287 nemus
908 2241 1138 2303 pinosque
1165 2241 1411 2303 loquentes

97 2325 278 2371 semper
301 2308 445 2355 habet
468 2330 481 2366 3
520 2325 702 2371 semper
727 2323 966 2371 pastorum
994 2308 1074 2354 ille
1101 2307 1232 2354 audit
1257 2324 1436 2353 amores

99 2375 333 2438 Panaque,
358 2375 438 2439 qui
464 2375 642 2438 primus
670 2377 871 2422 calamos
899 2393 995 2422 non
1022 2392 1179 2437 passus
1203 2374 1392 2421 inerteS.

165 2441 323 2505 incipe
351 2443 616 2490 Maenalios
643 2460 849 2500 mecum,
878 2460 981 2489 mea
1006 2443 1134 2500 tibia,
1162 2460 1334 2489 versus,

101 2509 275 2582 Mopso
300 2510 432 2572 Nysa
456 2510 592 2557 datur
617 2529 626 2557 ε
665 2510 779 2574 quid
804 2528 900 2556 non
928 2527 1169 2572 speremus
1197 2522 1405 2556 amantes
1426 2513 1441 2554 ἓ

100 2589 354 2635 lungentur
378 2577 472 2624 iam
496 2594 662 2639 grypes
689 2577 834 2640 equis,
864 2594 1073 2641 aevoque
1101 2577 1317 2641 sequenti

102 2658 214 2688 cum
240 2643 431 2690 canibus
458 2644 613 2691 timidi
639 2645 836 2691 venient
862 2645 919 2691 ad
944 2645 1116 2706 pocula
1141 2645 1371 2690 dammae.

170 2708 328 2770 incipe
355 2710 621 2758 Maenalios
646 2729 854 2767 mecum,
883 2729 987 2758 mea
1013 2711 1141 2767 tibia,
1168 2727 1340 2757 versus,

660 2819 674 2842 1
686 2819 701 2842 r
736 2807 916 2845 desinam.
