1861 3256
277 251 326 294 52

723 241 768 279 P.
797 238 1031 277 VERGILI
1061 239 1321 277 MARONIS

342 361 423 396 aut
447 347 655 409 lapidem
680 345 899 391 bibulum
924 357 1004 391 aut
1029 345 1295 408 squalentes
1321 344 1483 390 infode
1509 346 1712 391 conchas
1736 366 1748 403 余

341 414 468 462 inter
493 414 622 459 enim
647 412 869 457 labentur
892 428 1055 474 aquae,
1083 411 1332 485 tenuisque
1358 410 1533 456 subibit

340 481 530 534 halitus,
550 492 691 540 atque
712 477 892 524 animos
909 478 1083 524 tollent
1101 491 1209 524 sata.
1282 477 1470 539 iamque
1487 476 1676 539 reperti,
1703 502 1764 533 350

341 546 423 610 qui
449 562 557 591 saxo
582 560 720 605 super
746 556 887 606 atque
912 543 1117 605 ingentis
1143 544 1353 606 pondere
1380 556 1523 589 testae

341 623 629 672 urguerent:
665 611 755 656 hoc
783 611 950 656 effusos
975 610 1224 657 munimen
1251 610 1307 655 ad
1332 609 1518 666 imbres,

340 680 431 724 hoc
457 677 536 722 ubi
562 676 724 722 hiulca
749 676 824 723 siti
851 677 988 724 findit
1015 677 1159 724 Canis
1186 675 1370 722 aestifer
1394 693 1513 722 arva.

408 743 666 790 seminibus
691 743 852 805 positis
878 757 1082 806 superest
1106 743 1330 789 diducere
1357 755 1528 788 terram

340 810 520 872 saepius
546 810 603 855 ad
628 810 781 872 capita
807 823 854 856 et
878 810 1016 856 duros
1041 810 1211 856 iactare
1237 809 1468 865 bidentes,

341 889 421 923 aut
444 893 602 938 presso
627 893 847 922 exercere
873 877 1023 922 solum
1048 876 1133 922 sub
1157 892 1347 922 vomere
1373 888 1420 921 et
1443 875 1543 937 ipsa

340 943 533 989 flectere
559 943 795 989 luctantes
819 943 943 989 inter
967 943 1125 989 vineta
1150 942 1374 989 iuvencos
1396 962 1410 999 余

342 1022 444 1056 tum
469 1010 597 1055 leves
622 1009 826 1055 calamos
850 1022 898 1055 et
922 1027 1047 1056 rasae
1071 1009 1256 1056 hastilia
1279 1008 1433 1069 virgae

341 1076 667 1150 fraxineasque
693 1088 850 1137 aptare
876 1076 1009 1122 sudes
1036 1077 1283 1138 furcasque
1309 1075 1539 1131 valentes,

342 1143 518 1189 viribus
544 1142 660 1188 eniti
687 1159 883 1204 quarum
910 1156 956 1188 et
981 1156 1287 1189 contemnere
1313 1154 1476 1188 ventos
1707 1155 1769 1195 360

343 1210 616 1256 adsuescant
642 1225 937 1270 summasque
964 1208 1093 1271 sequi
1120 1209 1327 1254 tabulata
1350 1225 1433 1270 per
1458 1207 1625 1254 ulmos.

410 1293 460 1322 ac
487 1277 600 1322 dum
625 1275 775 1338 prima
801 1275 931 1321 novis
956 1275 1181 1321 adolescit
1205 1275 1448 1320 frondibus
1476 1287 1610 1330 aetas,

342 1343 635 1405 parcendum
660 1341 851 1398 teneris,
878 1355 924 1388 et
948 1342 1061 1387 dum
1087 1358 1134 1387 se
1160 1341 1307 1386 laetus
1334 1341 1391 1386 ad
1416 1358 1546 1386 auras

342 1410 519 1472 palmes
545 1409 638 1470 agit
663 1408 779 1454 laxis
805 1426 889 1470 per
913 1425 1085 1470 purum
1110 1407 1328 1453 inmissus
1353 1406 1562 1462 habenis,

342 1477 441 1538 ipsa
465 1476 564 1522 acie
592 1476 804 1522 nondum
832 1475 966 1521 falcis
991 1474 1279 1536 temptanda,
1307 1473 1388 1519 sed
1413 1473 1548 1519 uncis

343 1543 606 1604 carpendae
633 1542 847 1588 manibus
874 1541 1062 1587 frondes
1088 1541 1308 1602 interque
1334 1539 1579 1600 legendae.

342 1610 455 1656 inde
483 1609 562 1655 ubi
590 1609 682 1655 iam
708 1608 876 1654 validis
902 1608 1148 1669 amplexae
1175 1606 1394 1669 stirpibus
1419 1607 1569 1652 ulmos

345 1675 567 1732 exierint,
593 1688 695 1720 turn
721 1675 897 1735 stringe
925 1691 1095 1731 comas,
1124 1687 1224 1719 tum
1250 1673 1470 1719 bracchia
1495 1671 1639 1718 tonde
1663 1690 1673 1717 z

343 1756 454 1789 ante
479 1741 792 1788 reformidant
818 1742 993 1786 ferrum
1016 1761 1030 1797 余
1068 1754 1170 1787 tum
1195 1739 1401 1801 denique
1427 1739 1542 1785 dura

343 1825 513 1856 exerce
539 1808 738 1870 imperia
764 1821 811 1854 et
835 1824 985 1853 ramos
1012 1823 1258 1869 compesce
1284 1805 1500 1852 fluentes.
1712 1829 1774 1858 370

411 1875 642 1922 texendae
669 1892 828 1936 saepes
855 1874 994 1920 etiam
1022 1887 1068 1920 et
1093 1890 1236 1935 pecus
1262 1889 1405 1919 omne
1431 1871 1709 1928 tenendum,

342 1942 593 2017 praecipue
620 1942 733 1987 dum
760 1942 887 1986 frons
915 1953 1074 1986 tenera
1098 1939 1455 2002 inprudensque
1482 1938 1697 1984 laborum
1720 1957 1733 1993 余

344 2009 420 2055 cui
448 2026 588 2070 super
611 2008 831 2068 indignas
856 2007 1034 2053 hiemes
1062 2007 1304 2069 solemque
1330 2018 1579 2068 potentem

344 2076 577 2122 silvestres
604 2075 674 2121 uri
702 2074 892 2120 adsidue
918 2090 1204 2136 capreaeque
1231 2089 1450 2135 sequaces

343 2142 586 2197 inludunt,
614 2153 871 2204 pascuntur
895 2158 1003 2186 oves
1030 2139 1322 2202 avidaeque
1311 2155 1554 2185 luvencae.

343 2209 515 2270 frigora
541 2226 628 2255 nec
655 2222 839 2254 tanturn
865 2225 980 2254 cana
1007 2220 1228 2253 concreta
1253 2205 1423 2267 pruina

345 2288 424 2321 aut
448 2275 596 2336 gravis
622 2275 903 2321 incumbens
930 2274 1136 2336 scopulis
1162 2272 1398 2318 arentibus
1425 2283 1584 2326 aestas,

344 2355 574 2404 quantum
600 2342 673 2386 illi
701 2358 907 2387 nocuere
933 2356 1094 2402 greges
1119 2339 1329 2413 durique
1347 2353 1589 2383 venenum

344 2408 500 2454 dentis
526 2420 572 2453 et
598 2408 811 2453 admorso
836 2408 1016 2468 signata
1043 2407 1092 2452 in
1121 2405 1263 2466 stirpe
1289 2403 1504 2450 cicatrix.

346 2491 443 2520 non
469 2474 608 2520 aliam
633 2474 694 2520 ob
719 2474 907 2548 culpam
936 2473 1128 2518 Baccho
1153 2488 1294 2533 caper
1318 2469 1537 2516 omnibus
1562 2467 1648 2514 aris
1710 2481 1772 2522 380

346 2541 574 2596 caeditur,
603 2553 649 2586 et
675 2554 853 2587 veteres
878 2539 1050 2585 ineunt
1072 2536 1347 2600 proscaenia
1372 2536 1490 2594 ludi,

346 2607 646 2670 praemiaque
672 2606 874 2668 ingeniis
898 2622 1038 2668 pagos
1063 2617 1110 2651 et
1135 2604 1341 2666 compita
1368 2603 1549 2649 circum

355 2705 426 2745 351
460 2694 618 2743 ingenti.
731 2704 805 2744 339
838 2693 1020 2731 bicornes.
1134 2692 1206 2742 365
1239 2692 1347 2730 acies.
1460 2702 1537 2740 374
1566 2701 1707 2738 caprae.

752 2760 826 2797 379
857 2749 900 2784 ad
922 2759 1093 2784 morsum
1111 2761 1122 2796 3
1150 2759 1169 2782 a
1191 2758 1333 2784 morsu.
