1866 3208
307 255 384 295 292
754 245 797 282 P.
827 243 1060 282 VERGILI
1090 244 1349 283 MARONIS

372 352 461 413 hoe
488 364 677 398 tantum
701 349 932 397 Ascanius
953 370 969 406 ;
1004 351 1186 399 Teucri
1214 352 1418 399 clamore
1445 364 1707 414 sequuntur

372 417 648 481 laetitiaque
674 418 888 464 fremunt
909 417 1183 482 animosque
1209 419 1267 465 ad
1292 418 1442 464 sidera
1469 417 1662 466 tollunt.

372 484 578 530 aetheria
605 496 707 529 tum
733 484 856 530 forte
881 484 1017 546 plaga
1043 485 1242 531 crinitus
1267 484 1442 547 Apollo

370 550 572 611 desuper
594 549 826 596 Ausonias
852 550 974 596 acies
1002 551 1260 614 urbemque
1285 551 1489 609 videbat,

372 617 498 662 nube
524 616 704 673 sedens,
732 629 872 680 atque
898 616 968 662 his
994 617 1223 664 victorem
1250 618 1435 664 adfatur
1460 617 1620 664 Iulum
1642 636 1650 664 :
1737 632 1799 672 640

340 687 352 707 ‘
371 695 526 729 macte
553 699 673 728 nova
697 682 888 741 virtute,
915 700 1062 745 puer3
1098 684 1162 731 sic
1188 684 1281 730 itur
1306 684 1364 730 ad
1389 697 1523 742 astra,

371 749 439 795 dis
463 749 623 810 genite
650 762 696 795 et
722 749 940 810 geniture
968 750 1093 797 deos.
1165 751 1264 797 iure
1290 750 1448 797 omnia
1474 751 1601 797 bella

369 829 510 876 gente
535 816 621 862 sub
646 816 859 863 Assaraci
888 817 986 863 fato
1011 830 1211 864 ventura
1235 817 1460 875 resident,

371 899 460 929 nec
487 895 533 928 te
560 882 708 928 Troia
733 881 889 945 capit?
962 883 1102 930 simul
1128 885 1244 931 haec
1271 885 1436 930 effatus
1463 884 1520 930 ab
1546 884 1644 930 alto

371 951 562 995 aethere
588 965 635 995 se
661 949 804 1006 misit,
833 949 1064 1012 spirantes
1091 950 1303 997 dimovet
1328 967 1459 997 auras

368 1015 722 1078 Ascaniumque
748 1016 885 1077 petit.
958 1017 1153 1064 formam
1181 1030 1282 1064 tum
1306 1017 1506 1064 vertitur
1530 1016 1621 1063 oris

370 1083 623 1146 antiquum
649 1083 699 1128 in
728 1083 905 1129 Buten.
975 1082 1052 1130 hic
1080 1084 1326 1130 Dardanio
1350 1083 1590 1130 Anchisae

371 1150 571 1210 armiger
595 1162 704 1195 ante
731 1149 822 1194 fuit
849 1149 1063 1212 fidusque
1089 1151 1145 1196 ad
1170 1151 1335 1196 limina
1361 1164 1533 1209 custos,

372 1229 474 1262 tum
499 1216 726 1262 comitem
751 1216 957 1262 Ascanio
983 1229 1117 1279 pater
1142 1217 1342 1263 addidit.
1412 1217 1509 1263 ibat
1533 1216 1713 1279 Apollo

371 1283 529 1329 omnia
554 1283 784 1343 longaevo
811 1282 990 1340 similis,
1020 1300 1279 1346 vocemque
1306 1284 1607 1346 coloremque
1739 1297 1803 1336 650

372 1362 418 1395 et
444 1350 596 1396 crines
623 1350 752 1396 albos
779 1362 826 1396 et
853 1366 987 1395 saeva
1015 1350 1257 1396 sonoribus
1283 1366 1426 1407 arma,

371 1429 512 1479 atque
539 1416 608 1462 his
635 1416 881 1462 ardentem
909 1415 1049 1462 dictis
1076 1417 1263 1463 adfatur
1288 1417 1478 1462 Iulum:

339 1488 351 1507 ‘
371 1483 429 1529 sit
454 1483 577 1540 satis,
602 1483 806 1540 Aenide,
835 1483 940 1529 telis
968 1483 1151 1545 inpune
1178 1483 1461 1529 Numanum

370 1550 624 1612 oppetiisse
652 1549 774 1606 tuis;
810 1549 1014 1612 primam
1042 1551 1165 1596 hanc
1192 1549 1277 1596 tibi
1304 1566 1498 1610 magnus
1522 1548 1696 1611 Apollo

370 1616 594 1663 concedit
619 1617 810 1663 laudem
838 1629 884 1662 et
911 1616 1101 1678 paribus
1130 1633 1225 1662 non
1252 1616 1435 1662 invidet
1460 1615 1629 1669 armis;

370 1695 526 1730 cetera
553 1700 707 1745 parce,
735 1700 869 1745 puer,
897 1683 1057 1730 bello.'
1129 1683 1192 1729 sic
1219 1700 1347 1729 orsus
1372 1682 1550 1744 Apollo
1865 1709 1866 1749 χ

370 1750 592 1795 mortales
618 1750 777 1795 medio
804 1763 1020 1811 aspectus
1049 1766 1264 1796 sermone
1291 1749 1484 1812 reliquit
1865 1760 1866 1783 ¹

371 1830 418 1862 et
442 1816 609 1878 procul
637 1816 686 1861 in
714 1829 910 1861 tenuem
940 1833 995 1862 ex
1019 1815 1167 1862 oculis
1196 1816 1387 1862 evanuit
1412 1831 1585 1862 auram.

370 1883 635 1943 adgnovere
665 1882 808 1928 deum
835 1898 1054 1943 proceres
1082 1881 1338 1944 divinaque
1365 1882 1459 1929 tela

369 1949 688 2007 Dardanidae,
710 1950 1074 2011 pharetramque
1102 1949 1212 2010 fuga
1238 1965 1423 1995 sensere
1449 1962 1715 1995 sonantem.
1741 1962 1803 1994 660

370 2032 478 2076 ergo
504 2015 694 2061 avidum
719 2032 907 2077 pugnae
935 2015 1074 2061 dictis
1101 2032 1152 2062 ac
1180 2015 1380 2061 numine
1408 2014 1588 2062 Phoebi

368 2082 628 2128 Ascanium
653 2081 942 2156 prohibent;
980 2081 1068 2144 ipsi
1094 2081 1144 2128 in
1172 2081 1431 2128 certamina
1456 2098 1611 2128 rursus

370 2149 634 2195 succedunt
660 2148 938 2211 animasque
966 2148 1015 2194 in
1043 2162 1202 2211 aperta
1227 2148 1439 2212 pericula
1465 2148 1680 2195 mittunt.

370 2216 406 2261 it
432 2215 612 2262 clamor
638 2215 746 2261 totis
773 2232 858 2277 per
884 2216 1239 2278 propugnacula
1260 2215 1434 2272 muris;

369 2281 629 2328 intendunt
655 2299 779 2328 acres
808 2300 941 2329 arcus
969 2296 1305 2346 ammentaque
1332 2294 1572 2344 torquent.

370 2348 595 2394 sternitur
620 2365 763 2395 omne
791 2350 942 2396 solum
972 2350 1094 2407 telis,
1122 2363 1223 2396 tum
1249 2362 1379 2396 scuta
1404 2365 1639 2410 cavaeque

369 2415 484 2461 dant
509 2415 718 2461 sonitum
744 2414 876 2462 flictu
905 2416 1077 2476 galeae,
1104 2433 1263 2478 pugna
1290 2432 1449 2478 aspera
1475 2415 1649 2476 surgit:

370 2494 574 2544 quantus
601 2483 658 2528 ab
684 2499 852 2529 occasu
881 2483 1077 2528 veniens
1102 2482 1389 2545 pluvialibus
1416 2482 1598 2528 Haedis

370 2548 583 2595 verberat
609 2549 761 2595 imber
788 2551 1004 2606 humum,
1032 2566 1174 2612 quam
1200 2549 1351 2596 multa
1376 2548 1609 2610 grandine
1631 2546 1781 2595 nimbi

370 2615 419 2661 in
446 2616 563 2662 vada
589 2615 924 2678 praecipitant,
953 2632 1063 2662 cum
1089 2615 1305 2678 Iuppiter
1330 2616 1545 2662 horridus
1568 2613 1748 2662 Austris

371 2695 561 2745 torquet
588 2699 809 2745 aquosam
834 2682 1043 2730 hiemem
1065 2695 1111 2729 et
1132 2683 1262 2729 caelo
1283 2699 1396 2729 cava
1417 2682 1582 2730 nubila
1607 2679 1798 2744 rumpit.

751 2759 826 2808 646
857 2760 992 2799 forma.
1102 2759 1176 2807 667
1207 2759 1375 2801 adflictu.
