1861 3256
222 269 266 307 P.
296 268 532 306 VERGILI
563 268 823 306 MARONIS
856 268 1191 307 GEORGICON
1221 269 1325 307 LIB.
1353 269 1395 323 Π
1507 281 1556 319 43

125 375 440 438 silvarumque
466 375 580 421 aliae
606 392 781 437 pressos
806 377 1073 438 propaginis
1099 394 1231 423 arcus

125 456 399 505 exspectant
425 455 471 489 et
496 442 601 488 viva
626 459 706 488 sua
729 443 958 505 plantaria
984 458 1102 491 terra
1125 465 1137 501 ;

124 510 193 556 nil
219 510 387 556 radicis
413 521 553 570 egent
579 509 709 565 aliae,
738 527 1072 574 summumque
1097 525 1287 574 putator

122 577 250 622 haud
273 576 456 623 dubitat
482 590 629 622 terrae
654 576 860 623 referens
886 579 1105 624 mandare
1132 595 1377 625 cacumen.

123 643 238 706 quin
265 657 311 690 et
336 643 608 690 caudicibus
634 643 1053 690 sectis—mirabile
1079 646 1281 692 dictu—
1521 671 1563 700 30

123 711 328 757 truditur
353 728 377 757 e
403 711 527 757 sicco
552 711 684 756 radix
709 711 921 771 oleagina
947 711 1093 771 ligno.

123 791 169 824 et
195 795 330 840 saepe
357 778 543 824 alterius
569 795 717 824 ramos
745 778 926 840 inpune
953 778 1165 825 videmus

122 858 305 891 vertere
331 844 380 890 in
409 845 611 900 alterius,
640 858 963 908 mutatamque
989 845 1128 892 insita
1153 848 1276 893 mala

122 912 241 958 ferre
267 912 438 973 pirum,
468 925 514 958 et
538 912 702 974 prunis
728 912 934 973 lapidosa
958 912 1205 960 rubescere
1232 931 1388 962 corna.

192 996 331 1041 quare
359 979 478 1038 agite
503 995 531 1023 o
555 979 764 1041 proprios
791 979 1049 1039 generatim
1076 980 1241 1027 discite
1268 982 1424 1028 cultus

122 1046 366 1106 agricolae,
395 1046 671 1108 fructusque
698 1046 819 1092 feros
846 1047 1030 1093 mollite
1057 1048 1274 1105 colendo,

120 1129 215 1158 neu
241 1129 401 1173 segnes
427 1113 611 1159 iaceant
639 1127 801 1160 terrae.
874 1114 1004 1160 iuvat
1030 1115 1205 1161 Ismara
1231 1115 1423 1161 Baccho

121 1197 366 1226 conserere
392 1193 531 1242 atque
558 1180 659 1226 olea
684 1197 910 1241 magnum
936 1182 1105 1228 vestire
1132 1182 1432 1229 Taburnum.

121 1260 266 1310 tuque
293 1247 412 1305 ades,
440 1248 784 1311 inceptumque
812 1266 905 1294 una
929 1249 1127 1295 decurre
1155 1249 1380 1305 laborem,
1411 1299 1417 1305 ,

120 1332 148 1360 o
173 1315 332 1371 decus,
357 1332 385 1361 o
411 1315 560 1361 famae
587 1315 757 1362 merito
782 1334 884 1377 pars
912 1316 1116 1362 maxima
1141 1330 1339 1372 nostrae,
1519 1340 1560 1370 40

122 1381 393 1437 Maecenas,
420 1382 684 1445 pelagoque
711 1384 872 1429 volans
898 1384 955 1429 da
981 1384 1086 1429 vela
1111 1382 1308 1445 patenti.

120 1465 217 1494 non
245 1465 328 1509 ego
355 1463 529 1495 cuncta
554 1449 670 1495 meis
694 1450 920 1511 amplecti
947 1450 1155 1497 versibus
1182 1463 1307 1512 opto,

120 1532 233 1571 non,
261 1515 378 1561 mihi
406 1516 441 1561 si
469 1516 659 1577 linguae
687 1531 882 1563 centum
909 1517 1002 1564 sint
1028 1535 1200 1580 oraque
1227 1531 1440 1574 centum,

120 1583 272 1628 ferrea
295 1600 385 1628 vox
408 1603 422 1639 ;
459 1583 565 1629 ades
591 1597 638 1630 et
661 1583 804 1646 primi
831 1585 934 1645 lege
962 1584 1108 1630 litoris
1135 1601 1263 1630 oram
1285 1605 1300 1638 ;

119 1649 167 1695 in
195 1649 410 1696 manibus
438 1662 583 1696 terrae
609 1668 618 1697 :
658 1667 754 1696 non
780 1651 858 1697 hic
887 1664 931 1696 te
959 1651 1168 1697 carmine
1194 1651 1306 1698 ficto

118 1732 257 1780 atque
282 1734 369 1778 per
393 1717 609 1778 ambages
635 1730 681 1763 et
707 1718 846 1778 longa
872 1734 1032 1764 exorsa
1058 1718 1248 1765 tenebo.

187 1797 352 1847 sponte
381 1801 460 1830 sua
486 1801 603 1846 quae
629 1801 675 1830 se
703 1785 880 1831 tollunt
905 1784 955 1831 in
983 1785 1178 1831 luminis
1206 1803 1322 1842 oras,

118 1851 377 1897 infecunda
401 1851 610 1915 quidem,
637 1851 717 1898 sed
741 1852 862 1899 laeta
887 1865 934 1898 et
960 1853 1097 1899 fortia
1123 1867 1318 1913 surgunt
1341 1873 1354 1909 3

117 1919 293 1981 quippe
314 1918 411 1965 solo
430 1932 596 1965 natura
616 1919 788 1967 subest.
858 1932 1019 1966 tamen
1041 1921 1155 1967 haec
1177 1937 1383 1985 quoque,
1400 1919 1435 1966 si
1455 1920 1558 1984 quis

117 1986 289 2032 inserat
314 1999 392 2033 aut
419 1986 662 2033 scrobibus
687 1987 880 2034 mandet
906 2000 1087 2034 mutata
1112 1988 1333 2044 subactis,
1519 2012 1559 2042 50

117 2053 338 2100 exuerint
362 2053 624 2101 silvestrem
651 2054 879 2113 animum,
907 2055 1138 2118 cultuque
1166 2054 1404 2117 frequenti

116 2120 166 2167 in
195 2138 515 2184 quascumque
541 2138 680 2168 voces
705 2136 822 2168 artes
848 2122 976 2168 haud
1000 2122 1128 2169 tarda
1154 2135 1425 2185 sequentur.

116 2204 207 2235 nec
232 2205 328 2235 non
355 2201 400 2236 et
425 2188 593 2235 sterilis
618 2206 736 2252 quae
763 2189 983 2252 stirpibus
1012 2189 1108 2236 exit
1134 2189 1192 2236 ab
1216 2189 1336 2247 imis,

116 2256 206 2301 hoc
233 2255 390 2312 faciet,
417 2273 587 2302 vacuos
614 2257 649 2302 si
676 2256 734 2303 sit
759 2256 936 2317 digesta
963 2274 1045 2318 per
1069 2274 1200 2318 agros
1225 2275 1235 2303 :

117 2339 247 2369 nunc
274 2323 392 2369 altae
419 2323 608 2370 frondes
636 2336 682 2370 et
707 2323 824 2370 rami
851 2324 1011 2370 matris
1037 2337 1235 2386 opacant

118 2391 444 2453 crescentique
470 2390 687 2437 adimunt
713 2391 838 2437 fetus
865 2404 1104 2454 uruntque
1130 2391 1380 2438 ferentem.

117 2455 226 2513 iam,
254 2475 370 2519 quae
397 2457 655 2504 seminibus
681 2458 814 2505 iactis
841 2475 888 2504 se
915 2458 1103 2504 sustulit
1129 2457 1277 2515 arbos,

119 2523 249 2568 tarda
271 2525 416 2581 venit,
444 2525 554 2571 seris
581 2526 759 2572 factura
785 2525 1038 2588 nepotibus
1064 2525 1294 2582 umbram,

117 2606 349 2652 pomaque
375 2591 665 2653 degenerant
689 2610 824 2639 sucos
851 2592 998 2639 oblita
1022 2593 1213 2656 priores,

118 2668 166 2702 et
190 2668 348 2718 turpes
375 2659 534 2705 avibus
560 2659 780 2721 praedam
806 2660 897 2706 fert
924 2677 1013 2706 uva
1038 2676 1264 2707 racemos,
1514 2671 1557 2703 60

185 2722 368 2769 scilicet
394 2725 611 2771 omnibus
638 2740 705 2772 est
731 2726 860 2772 labor
885 2726 1233 2789 inpendendus,
1262 2738 1310 2773 et
1334 2740 1500 2771 omnes

384 2812 435 2848 47
467 2814 584 2839 auras.
701 2813 747 2852 52
779 2805 895 2842 voles.
1009 2814 1058 2852 54
1087 2803 1213 2842 faciat.
