1861 3256
243 242 292 278 14

693 231 735 268 P.
765 229 999 267 VERGILI
1030 228 1287 266 MARONIS

379 336 476 383 Mo.
514 349 559 382 at
575 349 625 382 tu
643 351 774 381 sume
790 334 985 396 pedum,
1002 334 1144 397 quod,
1161 351 1236 380 me
1254 351 1363 380 cum
1380 351 1517 397 saepe
1533 348 1729 396 rogaret,

307 418 403 448 non
429 402 539 448 tulit
562 401 942 461 Antigenes—et
968 413 1065 447 erat
1090 413 1191 447 tum
1217 400 1384 461 dignus
1411 401 1623 447 amari—

308 469 567 516 formosum
593 467 780 530 paribus
807 467 941 513 nodis
968 480 1108 530 atque
1135 483 1253 525 aere,
1281 467 1524 515 Menalca.
1690 492 1734 524 90

691 689 705 710 .·
728 722 730 724 ,
791 670 1070 717 ECLOGA
1107 672 1180 717 VI

891 780 1078 817 VARUS

307 875 469 921 PmMA
497 873 739 935 Syracosio
764 874 953 935 dignata
978 888 1045 920 est
1069 874 1229 920 ludere
1255 891 1388 921 versu

305 955 461 987 nostra
486 957 639 1003 neque
666 940 854 987 erubuit
880 940 1012 986 silvas
1038 941 1244 986 habitare
1272 940 1445 986 Thalia
1468 961 1481 997 ;

305 1024 415 1053 cum
442 1023 661 1052 canerem
686 1023 814 1067 reges
840 1020 886 1053 et
910 1007 1100 1068 proelia,
1130 1007 1366 1068 Cynthius
1393 1024 1552 1053 aurem

304 1073 438 1119 vellit
463 1087 509 1119 et
535 1073 780 1119 admonuit
804 1091 814 1119 ε
855 1078 1130 1135 ‘pastorem‚
1159 1073 1343 1134 Tityre,
1370 1073 1567 1135 pingues

304 1156 492 1202 pascere
518 1152 700 1201 oportet
727 1156 848 1196 oveS,
876 1139 1135 1186 deductum
1161 1140 1316 1186 dicere
1343 1141 1562 1187 carmen.'

304 1223 432 1252 nunc
461 1222 818 1268 ego—namque
840 1222 975 1268 super
1001 1206 1083 1252 tibi
1111 1219 1249 1253 erunt
1274 1207 1353 1269 qui
1374 1207 1532 1254 dicere
1557 1207 1730 1263 laudeS,

303 1273 443 1328 Vare,
472 1286 570 1319 tuas
597 1272 793 1334 cupiant
819 1285 866 1318 et
892 1272 1038 1318 tristia
1063 1273 1265 1319 condere
1293 1274 1484 1319 bella——

304 1353 531 1414 agrestem
558 1339 688 1385 tenui
716 1339 977 1385 meditabor
1001 1340 1265 1385 harundine
1293 1341 1500 1387 Musam.

303 1423 399 1452 non
425 1405 595 1452 iniussa
622 1422 756 1453 cano.
829 1405 862 1451 si
889 1405 991 1468 quis
1016 1421 1173 1452 tamen
1201 1407 1314 1452 haec
1341 1424 1542 1480 quoque,
1571 1407 1606 1453 si
1631 1406 1734 1470 quis

304 1486 466 1534 captus
492 1489 646 1518 amore
672 1473 813 1532 leget,
841 1486 886 1519 te
913 1485 1110 1528 nostrae,
1138 1473 1277 1528 Vare,
1305 1473 1528 1534 myricae,
1695 1499 1735 1520 10

303 1553 348 1586 te
374 1556 540 1585 nemus
568 1556 708 1585 omne
736 1553 913 1586 canet·
902 1575 915 1595 ,
953 1556 1041 1585 nec
1071 1539 1261 1585 Phoebo
1286 1539 1455 1600 gratior
1481 1540 1578 1586 ulla
1603 1554 1687 1597 est,

303 1622 443 1670 quam
469 1605 554 1651 sibi
582 1623 697 1668 quae
727 1606 838 1651 Vari
867 1606 1160 1668 praescripsit
1185 1606 1352 1668 pagina
1377 1623 1568 1654 nomen.

371 1673 563 1735 pergite,
595 1672 818 1719 Pierides.
893 1672 1111 1718 Chromis
1139 1686 1185 1718 et
1212 1673 1512 1734 Mnasyllos
1501 1691 1551 1719 1n
1578 1687 1710 1720 antro

305 1739 520 1786 Silenum
545 1739 678 1801 pueri
705 1756 869 1785 somno
896 1739 1053 1785 videre
1079 1739 1329 1796 iacentem,

302 1805 519 1852 inflatum
546 1807 766 1852 hesterno
792 1823 950 1862 venas,
977 1820 1028 1853 ut
1054 1823 1252 1868 semper,
1278 1807 1452 1852 Iaccho
1477 1825 1486 1853 :

302 1886 421 1918 serta
445 1873 609 1933 procul
639 1886 825 1918 tantum
853 1872 993 1935 capiti
1020 1873 1207 1934 delapsa
1231 1873 1463 1930 iacebant,

303 1953 349 1986 et
374 1939 521 1999 gravis
548 1939 702 1985 attrita
729 1940 967 2001 pendebat
994 1941 1239 1986 cantharus
1266 1957 1389 1987 ansa.

302 2006 679 2066 adgressi—nam
707 2023 840 2068 saepe
868 2023 1008 2052 senex
1037 2023 1115 2069 spe
1142 2006 1359 2052 carminis
1387 2007 1523 2053 ambo

302 2072 750 2119 luserat—iniciunt
777 2073 886 2134 ipsis
913 2091 971 2119 ex
997 2073 1188 2119 vincula
1214 2073 1358 2120 sertis.

303 2139 428 2185 addit
455 2157 500 2186 se
525 2140 698 2186 sociam
726 2140 997 2203 timidisque
1025 2140 1293 2202 supervenit
1317 2141 1480 2200 Aegle,
1695 2164 1736 2185 20

302 2207 466 2266 Aegle,
495 2206 735 2252 Naiadum
762 2207 1098 2268 pulcherrima,
1124 2207 1310 2270 iamque
1337 2206 1517 2252 videnti

303 2273 568 2332 sanguineis
593 2274 801 2320 frontem
829 2274 967 2319 moris
994 2287 1040 2319 et
1066 2287 1276 2335 tempora
1300 2273 1467 2334 pingit.

305 2338 384 2384 ille
409 2339 572 2385 dolum
598 2340 753 2386 ridens
780 2346 792 2364 ‘
811 2358 903 2403 quo
929 2340 1120 2386 vincula
1146 2340 1333 2386 nectitis
1354 2340 1396 2385 ?’
1434 2338 1603 2401 inquit.

273 2408 286 2430 ‘
304 2405 467 2451 solvite
495 2423 587 2462 me,
615 2407 745 2468 pueri
769 2427 782 2463 ;
819 2407 924 2452 satis
951 2420 1018 2453 est
1042 2406 1246 2468 potuisse
1272 2405 1435 2451 videri.

304 2471 512 2518 carmina
538 2489 655 2534 quae
682 2472 822 2518 vultis
849 2473 1117 2532 cognoscite
1141 2492 1154 2528 3
1191 2472 1400 2518 carmina
1424 2472 1568 2526 vobis,

302 2538 413 2584 huic
441 2538 569 2584 aliud
595 2539 823 2584 mercedis
851 2537 966 2585 erit.'
1038 2539 1174 2584 simul
1201 2538 1370 2599 incipit
1396 2538 1507 2599 ipse.

305 2617 406 2650 tum
433 2621 542 2650 vero
567 2605 616 2651 in
644 2621 896 2651 numerum
923 2606 1198 2668 Faunosque
1227 2605 1436 2667 ferasque
1462 2604 1642 2651 videres

303 2671 484 2728 ludere,
510 2684 611 2717 tum
637 2672 802 2732 rigidas
828 2686 1003 2718 motare
1031 2671 1278 2718 cacumina
1303 2688 1501 2734 quercus
1525 2690 1534 2718 :

304 2754 392 2784 nec
422 2751 606 2785 tantum
635 2738 826 2785 Phoebo
851 2739 1019 2799 gaudet
1049 2738 1261 2784 Parnasia
1286 2755 1440 2800 rupeS,
