1861 3256
531 241 865 280 GEoRGmON
895 242 1070 281 L113.11
1503 259 1554 296 47

105 319 358 413 Scipiadas
383 350 521 396 duros
546 349 689 406 bello,
715 363 761 395 et
787 364 849 407 te,
875 352 1080 398 maxime
1108 352 1296 410 Caesar,
1498 381 1558 410 170

118 418 200 482 qui
226 435 356 464 nunc
383 416 603 463 extremis
629 417 805 462 Asiae
794 435 887 463 iam
914 419 1064 465 victor
1088 420 1138 466 in
1165 420 1252 467 oris

119 486 349 531 inbellem
374 484 538 530 avertis
566 484 792 530 Romanis
819 485 1002 532 arcibus
1030 488 1222 534 Indum.

119 554 259 609 salve,
285 569 452 613 magna
477 568 642 613 parens
669 552 872 612 frugum,
904 553 1119 600 Saturnia
1144 556 1299 613 telluS‚

119 637 288 681 magna
313 620 495 666 virum:
535 618 620 665 tibi
646 636 716 664 res
745 619 963 682 antiquae
990 621 1137 667 laudis
1163 635 1210 669 et
1236 623 1343 670 artis

118 687 371 747 ingredior,
398 699 580 733 sanctos
607 703 740 732 ausus
765 687 1011 734 recludere
1037 689 1206 746 fonte5‚

73 790 78 801 .
116 756 467 816 Ascraeumque
495 771 613 800 cano
640 755 853 800 Romana
879 772 962 830 per
987 756 1159 817 oppida
1185 775 1391 806 carmen.

185 838 314 868 nunc
343 822 473 868 locus
500 838 715 867 arvorum
742 822 961 883 ingeniis,
988 840 1106 885 quae
1131 825 1298 871 robora
1322 826 1510 890 cuique,

117 889 220 951 quis
246 889 390 946 color,
416 901 462 935 et
488 906 605 952 quae
631 888 688 934 sit
713 889 850 935 rebus
878 903 1041 936 natura
1067 891 1287 938 ferendis.

116 955 328 1002 difficiles
354 956 564 1017 primum
590 969 737 1002 terrae
766 957 1006 1020 collesque
1033 941 1241 1018 maligni,

116 1023 272 1069 tenuis
299 1022 378 1068 ubi
405 1023 566 1083 argilla
592 1036 638 1069 et
664 1024 869 1070 dumosis
896 1025 1108 1071 calculus
1134 1026 1268 1084 arvis,
1497 1042 1558 1073 180

119 1090 326 1136 Palladia
351 1090 558 1151 gaudent
584 1091 698 1137 silva
724 1091 898 1138 vivacis
923 1092 1088 1139 olivae.

115 1157 294 1204 indicio
321 1170 388 1204 est
414 1171 566 1204 tractu
593 1176 782 1218 surgens
809 1159 1003 1205 oleaster
1029 1160 1195 1207 eodem

115 1225 346 1286 plurimus
373 1238 420 1271 et
446 1225 574 1271 strati
601 1226 726 1271 bacis
754 1226 1040 1273 silvestribus
1067 1227 1176 1287 agri.

116 1305 161 1338 at
187 1309 303 1355 quae
329 1292 516 1354 pinguis
542 1294 713 1339 humus
741 1294 965 1357 dulcique
992 1295 1171 1355 uligine
1198 1295 1332 1352 laeta,

116 1359 291 1422 quique
318 1360 538 1422 frequens
564 1360 718 1406 herbis
746 1375 792 1407 et
818 1361 984 1407 fertilis
1013 1362 1155 1408 ubere
1183 1379 1445 1424 campus—

115 1428 304 1489 qualem
331 1444 464 1489 saepe
491 1444 602 1473 cava
628 1428 800 1474 montis
829 1429 1044 1475 convalle
1071 1430 1272 1476 solemus

115 1494 386 1556 despicere3
423 1495 515 1540 huc
544 1495 735 1540 summis
763 1495 1012 1559 liquuntur
1036 1496 1231 1558 rupibus
1258 1514 1416 1543 amnes

114 1561 402 1623 felicemque
427 1563 620 1607 trahunt
647 1562 1062 1625 limum—quique
1089 1563 1242 1609 editus
1266 1565 1454 1622 Austro,

115 1641 161 1674 et
187 1628 363 1674 filicem
388 1628 542 1674 curvis
571 1629 769 1674 invisam
796 1630 944 1691 pascit
970 1629 1127 1675 aratris
1152 1648 1162 1676 :

113 1696 190 1741 hic
220 1695 306 1741 tibi
332 1695 617 1757 praevalidas
644 1696 759 1741 olim
785 1697 1031 1758 multoque
1057 1696 1260 1743 fluentes
1495 1723 1556 1753 190

114 1763 309 1809 sufficiet
336 1763 526 1808 Baccho
552 1762 685 1819 vites,
711 1763 789 1809 hic
817 1763 987 1809 fertilis
1016 1781 1149 1821 uvae,

112 1830 190 1875 hic
218 1829 382 1886 latici5‚
413 1830 600 1892 qualem
626 1830 795 1892 pateris
823 1831 1022 1877 libamus
1049 1845 1094 1877 et
1121 1850 1246 1890 auro,

112 1896 294 1944 inflavit
320 1914 430 1943 cum
455 1897 642 1958 pinguis
669 1898 785 1944 ebur
812 1898 1092 1959 Tyrrhenus
1120 1900 1176 1945 ad
1201 1918 1313 1958 aras,

112 1964 325 2011 lancibus
353 1978 400 2011 et
424 1965 588 2026 pandis
616 1966 848 2012 fumantia
873 1966 1111 2013 reddimus
1139 1981 1260 2015 exta.

114 2032 183 2077 sin
211 2045 419 2078 armenta
444 2032 588 2094 magis
615 2033 825 2080 studium
850 2033 1118 2097 vitulosque
1145 2035 1266 2081 tueri

114 2111 192 2145 aut
217 2099 379 2145 ovium
405 2100 556 2146 fetum
584 2113 663 2147 aut
689 2114 876 2147 urentes
904 2102 1033 2147 culta
1059 2102 1276 2163 capellas,

114 2167 252 2213 saltus
280 2180 326 2213 et
352 2167 490 2213 saturi
518 2168 667 2229 petito
694 2168 953 2231 longinqua
979 2168 1196 2226 Tarenti,

113 2246 160 2280 et
186 2235 372 2296 qualem
397 2234 568 2281 infelix
594 2236 748 2281 amisit
776 2236 980 2282 Mantua
1006 2253 1228 2298 campum

113 2316 382 2362 pascentem
409 2302 568 2349 niveos
594 2303 791 2349 herboso
818 2303 1016 2349 flumine
1045 2321 1249 2366 cycnos:

114 2385 211 2413 non
235 2368 404 2432 liquidi
429 2370 644 2431 gregibus
672 2371 840 2428 fontes,
869 2389 964 2417 non
991 2371 1201 2432 gramina
1227 2371 1429 2428 derunt3
1495 2396 1555 2417 200

116 2448 162 2481 et
187 2450 415 2498 quantum
442 2438 593 2499 longis
620 2452 814 2501 carpent
839 2453 1049 2485 armenta
1073 2439 1254 2495 diebus,

116 2502 282 2562 exigua
307 2516 492 2551 tantum
518 2506 699 2566 gelidus
725 2523 796 2552 ros
823 2520 964 2553 nocte
990 2520 1202 2569 reponet.

115 2568 246 2629 nigra
271 2571 366 2617 fere
393 2585 439 2618 et
464 2589 621 2634 presso
646 2573 832 2635 pinguis
861 2575 944 2620 sub
971 2591 1159 2621 vomere
1187 2587 1321 2630 terra,

115 2649 161 2682 et
187 2636 264 2682 cui
289 2650 427 2698 putre
454 2640 880 2703 solum—namque
911 2642 1002 2688 hoc
1031 2642 1271 2688 imitamur
1297 2641 1536 2687 arando-—

115 2703 293 2766 optima
318 2704 597 2763 frumentis3
634 2724 730 2753 non
758 2709 857 2754 ullo
884 2725 942 2754 ex
968 2726 1167 2772 aequore
1195 2725 1358 2754 cernes

269 2792 343 2830 174
372 2788 504 2820 artem.
595 2784 666 2832 196
689 2785 787 2821 fetus
808 2785 953 2823 ovium.
1067 2797 1143 2822 202
1175 2785 1334 2834 reponit.
