1866 3208
285 253 363 305 256
744 252 788 292 P.
817 251 1052 290 VERGILI
1081 251 1342 290 MARONIS

351 360 419 408 sol
447 359 660 406 medium
687 357 805 404 caeli
833 357 1175 404 conscenderat
1200 357 1365 418 igneus
1391 356 1567 413 orbem,

352 443 462 474 cum
488 442 643 472 muros
670 440 920 486 arcemque
945 424 1108 486 procul
1137 441 1188 471 ac
1214 441 1312 470 rara
1336 423 1584 469 domorum

353 505 479 540 tecta
503 491 685 547 vident,
713 507 835 553 quae
861 506 991 537 nunc
1019 491 1234 536 Romana
1258 489 1474 552 potentia
1499 489 1635 536 caelo

353 557 587 621 aequavit,
616 570 718 603 turn
744 573 814 602 res
841 555 1006 619 inopes
1034 557 1283 603 Euandrus
1307 555 1528 602 habebat.
1721 579 1783 601 100

353 625 484 671 ocius
512 623 767 669 advertunt
793 640 966 685 proras,
994 623 1193 686 urbique
1217 622 1557 685 propinquant.

420 691 540 738 forte
567 689 645 736 die
672 689 954 735 sollemnem
981 689 1064 735 illo
1091 707 1172 736 rex
1198 690 1343 735 Arcas
1368 690 1600 734 honorem

351 756 812 820 Amphitryoniadae
839 771 1009 816 magno
1036 756 1250 818 divisque
1277 755 1459 801 ferebat

354 837 465 871 ante
492 824 657 869 urbem
683 822 732 868 in
761 822 885 869 luco.
961 822 1113 868 Pallas
1139 822 1252 868 huic
1280 821 1403 867 filius
1430 838 1539 877 una,

353 907 448 936 una
473 906 637 936 omnes
664 889 893 935 iuvenum
919 888 1059 951 primi
1086 905 1363 953 pauperque
1390 901 1576 934 senatus

354 970 459 1003 tura
479 956 670 1012 dabant,
700 955 986 1018 tepidusque
1012 972 1148 1002 cruor
1173 955 1384 1001 fumabat
1409 954 1465 1000 ad
1491 971 1604 1001 aras.

355 1036 407 1069 ut
433 1023 578 1069 celsas
604 1022 767 1068 videre
792 1034 913 1068 rates
942 1035 1083 1084 atque
1110 1022 1236 1068 inter
1261 1038 1463 1083 opacum

355 1088 510 1136 adlabi
538 1105 705 1135 nemus
735 1101 780 1134 et
808 1087 960 1134 tacitis
988 1088 1268 1135 incumbere
1295 1087 1449 1144 remis,

357 1168 594 1203 terrentur
619 1155 719 1201 visu
747 1153 902 1200 subito
928 1155 1188 1217 cunctique
1213 1154 1391 1201 relictis

357 1236 646 1283 consurgunt
672 1221 864 1267 mensis.
938 1220 1088 1267 audax
1116 1238 1230 1284 quos
1256 1237 1475 1283 rumpere
1503 1219 1656 1266 Pallas
1728 1242 1789 1265 110

357 1306 482 1336 sacra
507 1302 652 1347 vetat,
681 1301 914 1351 raptoque
940 1287 1068 1334 volat
1096 1288 1193 1334 telo
1218 1287 1384 1333 obvius
1409 1287 1524 1350 ipse,

358 1370 404 1403 et
429 1356 594 1418 procul
625 1372 649 1401 e
676 1355 862 1401 tumulo
884 1373 893 1400 :
933 1359 945 1378 ‘
962 1354 1173 1411 iuveneS,
1201 1371 1321 1416 quae
1347 1371 1483 1400 causa
1509 1352 1691 1413 subegit

357 1423 540 1484 ignotas
569 1435 803 1484 temptare
831 1421 959 1467 vias?
997 1438 1090 1483 quo
1117 1418 1364 1466 tenditis?’
1401 1419 1573 1482 inquit,

358 1489 627 1553 quigenus?
659 1488 787 1534 unde
806 1488 981 1534 domo?
1011 1504 1245 1550 pacemne
1261 1488 1355 1533 huc
1374 1486 1518 1543 fertis,
1533 1503 1591 1531 an
1609 1502 1734 1532 arma
1749 1488 1765 1530 ?
1778 1484 1790 1504 ’

360 1570 462 1603 tum
487 1569 621 1618 pater
644 1556 833 1601 Aeneas
859 1554 1008 1617 puppi
1038 1554 1101 1600 sic
1129 1554 1255 1600 fatur
1280 1553 1337 1600 ab
1364 1553 1473 1610 alta,

358 1623 693 1686 paciferaeque
720 1638 864 1668 manu
893 1637 1076 1667 ramum
1101 1619 1371 1683 praetendit
1396 1619 1579 1665 olivae:

328 1694 340 1716 ‘
357 1690 653 1750 Troiugenas
680 1706 732 1735 ac
764 1690 854 1735 tela
883 1688 1015 1734 vides
1041 1687 1234 1734 inimica
1259 1686 1457 1744 Latinis,

361 1774 475 1819 quos
501 1756 572 1801 illi
600 1756 729 1801 bello
754 1755 978 1817 profugos
1008 1771 1142 1814 egere
1169 1753 1385 1815 superbO.

360 1822 636 1870 Euandrum
662 1822 883 1884 petimus,
957 1821 1078 1866 ferte
1104 1822 1221 1866 haec
1249 1832 1294 1866 et
1321 1819 1466 1866 dicite
1491 1818 1640 1864 lectos

360 1888 631 1937 Dardaniae
657 1887 840 1933 venisse
870 1887 1012 1933 duces
1042 1886 1164 1932 socia
1190 1903 1316 1932 arma
1340 1885 1590 1946 rogantes.'
1735 1907 1796 1929 120

361 1955 592 2018 obstipuit
618 1968 751 2001 tanto
777 1970 1021 2016 percussus
1051 1952 1245 1999 nomine
1274 1952 1454 1998 Pallas:

365 2022 586 2083 egredere
612 2039 639 2068 o
666 2021 957 2083 quicumque
982 2018 1058 2076 es‚'
1085 2019 1165 2076 ait,
1194 2023 1205 2043 ‘
1223 2035 1476 2080 coramque
1502 2028 1749 2079 parentem

363 2089 635 2152 adloquere,
663 2105 716 2134 ac
744 2087 912 2133 nostris
943 2086 1143 2132 succede
1172 2085 1426 2131 Penatibus
1452 2083 1674 2146 hospes’:

365 2155 651 2218 excepitque
676 2171 820 2200 manu
849 2153 1162 2215 dextramque
1189 2152 1434 2214 amplexus
1459 2149 1678 2197 inhaesit.

365 2222 590 2285 progressi
618 2222 822 2267 subeunt
850 2220 959 2266 luco
987 2219 1281 2281 fluviumque
1307 2218 1602 2280 relinquunt.

433 2302 535 2336 tum
560 2305 718 2348 regem
744 2288 931 2333 Aeneas
958 2285 1097 2332 dictis
1124 2285 1310 2332 adfatur
1335 2283 1525 2330 amicis:

365 2355 547 2417 optime
575 2355 922 2414 Graiugenum,
951 2353 1026 2399 cui
1055 2369 1129 2398 me
1157 2353 1364 2397 Fortuna
1388 2348 1567 2412 precari

367 2436 414 2469 et
438 2422 554 2468 vitta
581 2433 796 2482 comptos
821 2420 974 2465 voluit
1001 2417 1313 2480 praetendere
1338 2433 1520 2473 ramos3

367 2506 466 2535 non
488 2487 710 2550 equidem
733 2485 948 2542 extimui,
970 2485 1194 2531 Danaum
1220 2483 1347 2546 quod
1373 2483 1542 2529 ductor
1569 2493 1614 2527 et
1633 2481 1795 2538 Arcas,

368 2555 591 2619 quodque
618 2553 675 2599 ab
703 2552 848 2614 stirpe
876 2552 998 2598 fores
1023 2550 1224 2611 geminis
1248 2549 1534 2596 coniunctus
1557 2547 1769 2603 Atridis;

370 2622 451 2668 sed
476 2637 581 2667 mea
608 2636 684 2666 me
709 2618 854 2665 virtus
883 2630 928 2664 et
954 2630 1113 2663 sancta
1139 2616 1328 2662 oracula
1353 2615 1528 2673 divom,
1737 2637 1796 2667 131

371 2687 655 2750 cognatique
681 2698 851 2749 patres,
881 2697 958 2730 tua
985 2683 1119 2730 terris
1146 2683 1295 2729 didita
1321 2682 1460 2740 fama,

903 2778 918 2802 1
927 2777 947 2802 2
955 2777 971 2802 1
1007 2766 1208 2815 perculsus.
