1861 3256
275 237 324 276 86

716 239 759 276 P.
790 237 1025 276 VERGILI
1055 238 1313 276 MARONIS

340 357 409 392 ter
433 345 615 408 liquido
640 344 886 390 ardentem
910 345 1121 406 perfudit
1145 359 1337 393 nectare
1363 345 1577 401 Vestam,

339 424 411 459 ter
435 411 622 457 flamma
647 410 704 456 ad
730 427 967 457 summum
992 412 1104 458 tecti
1131 413 1341 459 subiecta
1366 411 1557 457 reluxit.

339 478 498 524 omine
524 494 618 538 quo
643 476 831 522 firmans
857 477 1069 525 animum
1095 479 1158 525 sic
1185 478 1356 540 incipit
1381 478 1507 540 ipsa:

339 557 407 590 est
432 544 481 588 in
511 542 766 604 Carpathio
793 543 1012 605 Neptuni
1038 546 1216 605 gurgite
1241 558 1381 601 vates,

338 609 580 656 caeruleus
609 610 817 667 Proteus,
844 627 1066 670 magnum
1092 611 1170 675 qui
1197 611 1401 672 piscibus
1427 627 1601 673 aequor

340 689 386 722 et
411 675 576 721 iuncto
602 675 829 737 bipedum
855 693 992 723 curru
1018 678 1213 724 metitur
1239 694 1483 740 equorum.

337 742 414 788 hic
442 758 570 787 nunc
599 742 846 789 Emathiae
872 757 1030 804 portus
1057 744 1350 805 patriamque
1376 742 1535 789 revisit
1702 767 1764 799 390

341 808 605 864 Pallenen3
641 810 769 855 hunc
798 821 844 855 et
869 810 1124 872 Nymphae
1151 826 1428 856 veneramur
1454 823 1500 856 et
1525 809 1623 872 ipse

337 875 629 935 grandaevus
656 875 874 932 Nereus;
911 877 1044 922 novit
1070 893 1273 939 namque
1300 875 1459 922 omnia
1484 889 1628 933 vates,

338 958 458 1003 quae
485 941 594 998 sint,
615 959 734 1003 quae
760 942 951 998 fuerint,
981 960 1100 1005 quae
1127 960 1235 989 mox
1260 955 1458 989 ventura
1488 944 1764 999 trahantur3

338 1008 517 1070 quippe
544 1007 607 1053 ita
632 1008 865 1070 Neptuno
891 1009 1041 1055 visum
1071 1022 1153 1067 est,
1179 1009 1391 1055 inmania
1417 1009 1549 1055 cuius

339 1087 548 1120 armenta
577 1087 623 1120 et
649 1087 807 1136 turpes
833 1075 982 1136 pascit
1008 1077 1090 1122 sub
1117 1076 1296 1137 gurgite
1322 1078 1511 1138 phocas.

337 1141 417 1187 hic
445 1141 547 1197 tibi,
575 1154 699 1198 nate,
726 1141 854 1202 prius
880 1142 1052 1188 vinclis
1079 1143 1350 1204 capiendus,
1378 1155 1429 1189 ut
1454 1158 1648 1188 omnem

340 1207 562 1270 expediat
589 1207 738 1253 morbi
766 1224 953 1254 causam
982 1222 1271 1271 eventusque
1297 1209 1541 1256 secundet.

338 1291 449 1320 nam
477 1274 575 1320 sine
601 1274 645 1319 vi
673 1291 769 1320 non
797 1275 892 1320 ulla
920 1275 1050 1321 dabit
1075 1289 1340 1337 praecepta,
1369 1292 1524 1338 neque
1550 1275 1689 1320 illum

337 1340 515 1387 orando
541 1340 733 1397 flectes3
770 1340 866 1386 vim
894 1341 1059 1387 duram
1087 1355 1133 1387 et
1158 1341 1350 1387 vincula
1376 1355 1515 1403 capto

339 1407 516 1463 tende;
551 1408 649 1453 doli
676 1406 856 1453 circum
882 1409 998 1453 haec
1026 1408 1220 1453 demum
1247 1408 1525 1468 frangentur
1550 1406 1731 1453 inanes.

338 1474 437 1536 ipsa
466 1491 549 1534 ego
577 1487 637 1531 te,
666 1474 847 1519 medios
874 1491 983 1520 cum
1011 1475 1075 1520 sol
1101 1474 1375 1520 accenderit
1401 1487 1569 1530 aestus,
1707 1499 1766 1527 401

338 1558 447 1587 cum
473 1541 641 1587 sitiunt
666 1541 837 1586 herbae
865 1554 911 1586 et
936 1541 1095 1603 pecori
1123 1541 1216 1586 iarn
1243 1541 1413 1601 gratior
1439 1541 1604 1587 umbra
1629 1554 1710 1597 est,

339 1608 387 1653 in
415 1621 592 1654 secreta
619 1608 740 1653 senis
767 1608 952 1664 ducam,
981 1625 1074 1670 quo
1101 1608 1244 1653 fessus
1271 1608 1327 1653 ab
1354 1607 1490 1654 undis

339 1691 387 1720 se
413 1674 594 1736 recipit,
624 1673 763 1720 facile
790 1688 841 1720 ut
867 1691 1032 1720 somno
1059 1674 1326 1734 adgrediare
1352 1674 1603 1721 iacentem.

338 1757 502 1786 verum
529 1740 607 1786 ubi
637 1754 907 1802 correptum
934 1740 1150 1786 manibus
1175 1740 1440 1803 vinclisque
1467 1739 1667 1797 tenebis,

339 1820 440 1853 tum
467 1807 622 1853 variae
649 1807 846 1853 eludent
873 1806 1051 1868 species
1077 1821 1216 1869 atque
1242 1825 1321 1853 ora
1346 1808 1567 1853 ferarum.

341 1874 422 1920 fiet
450 1874 578 1919 enim
605 1874 757 1919 subito
784 1891 855 1919 sus
881 1874 1096 1920 horridus
1122 1887 1311 1936 atraque
1337 1873 1464 1934 tigris

341 1957 705 2004 squamosusque
733 1940 876 1986 draco
905 1954 950 1985 et
977 1941 1105 1986 fulva
1130 1941 1315 1986 cervice
1341 1941 1522 1997 leaena,

341 2020 421 2053 aut
447 2023 601 2053 acrem
628 2006 843 2052 flammae
871 2006 1077 2052 sonitum
1103 2007 1234 2053 dabit
1260 2020 1399 2069 atque
1425 2007 1488 2052 ita
1513 2005 1684 2052 vinclis

343 2074 546 2130 excidet,
574 2086 652 2119 aut
678 2074 726 2119 in
755 2091 895 2135 aquas
922 2086 1085 2119 tenues
1111 2074 1315 2135 dilapsus
1343 2073 1504 2120 abibit.
1709 2097 1773 2127 410

342 2141 421 2186 sed
447 2154 626 2203 quanto
652 2140 736 2186 ille
763 2140 906 2200 magis
934 2141 1104 2186 formas
1131 2157 1177 2186 se
1203 2153 1353 2185 vertet
1378 2139 1427 2185 in
1454 2156 1636 2195 omnes,

343 2220 437 2252 tam
464 2221 531 2263 tu,
558 2221 682 2265 nate,
711 2206 852 2267 magis
880 2207 1116 2253 contende
1144 2206 1328 2252 tenacia
1353 2206 1523 2262 vincla,

342 2274 495 2319 donec
524 2274 627 2319 talis
655 2273 742 2319 erit
768 2287 951 2319 mutato
979 2290 1188 2335 corpore,
1217 2272 1402 2335 qualem

342 2339 527 2397 videris,
555 2340 748 2402 incepto
776 2353 953 2400 tegeret
979 2356 1089 2385 cum
1117 2340 1297 2385 lumina
1324 2336 1521 2385 somno.’

341 2407 457 2451 haec
485 2406 548 2451 ait
576 2419 620 2451 et
647 2407 884 2468 liquidum
912 2406 1168 2452 ambrosiae
1194 2404 1420 2450 diffundit
1445 2404 1657 2461 odorem,

342 2490 435 2534 quo
463 2485 615 2518 totum
643 2473 739 2518 nati
759 2490 935 2547 corp-us
961 2472 1214 2546 perduxit3
1252 2485 1295 2516 at
1321 2471 1391 2516 illi

342 2539 494 2584 dulcis
522 2538 792 2600 compositis
818 2538 1011 2600 spiravit
1037 2538 1244 2584 crinibus
1272 2555 1394 2595 aura,

342 2617 481 2667 atque
507 2605 675 2651 habilis
701 2605 921 2651 membris
946 2604 1078 2650 venit
1102 2604 1247 2665 vigor.
1320 2617 1387 2650 est
1413 2621 1578 2667 specus
1605 2603 1770 2664 ingens

344 2672 467 2717 exesi
494 2671 677 2718 latere
665 2689 714 2717 1n
742 2672 932 2729 montis,
961 2689 1053 2734 quo
1078 2671 1282 2733 plurima
1306 2684 1453 2718 vento

465 2749 539 2797 384
570 2749 774 2797 perfundit.
884 2761 963 2796 400
992 2750 1233 2797 franguntur.
1345 2761 1422 2797 412
1454 2755 1576 2786 tanto.
