1866 3208
540 226 815 265 AENE1Dos
845 227 949 266 LIB.
978 228 1042 266 v1
1463 240 1540 279 227

108 337 212 402 quis
238 337 403 401 procul
429 337 515 383 ille
540 349 701 382 autem
725 337 864 382 ramis
891 336 1086 397 insignis
1112 336 1266 384 olivae

108 422 237 452 sacra
263 405 451 452 ferens?
487 419 631 449 nosco
657 403 809 449 crines
835 403 1104 468 incanaque
1129 416 1292 450 menta

107 472 226 533 regis
255 471 475 528 Romani,
502 469 704 532 primam
731 470 811 532 qui
840 471 1022 532 legibus
1050 471 1216 518 urbem
1482 486 1545 517 810

109 539 349 597 fundabit,
377 537 582 584 Curibus
606 536 761 599 parvis
788 550 835 583 et
860 555 1067 600 paupere
1095 551 1215 584 terra

109 606 276 652 missus
301 605 352 651 in
377 604 631 667 imperium
657 619 898 664 magnum.
971 604 1048 651 cui
1075 604 1251 651 deinde
1277 604 1470 663 subibit,

108 672 204 719 otia
231 673 312 735 qui
338 683 528 734 rumpet
551 670 732 733 patriae
758 670 1029 733 residesque
1056 672 1268 718 movebit

108 739 286 786 Tullus
311 739 362 785 in
388 755 514 786 arma
538 737 659 784 viros
687 750 734 784 et
759 737 854 784 iam
880 738 1077 784 desueta
1104 739 1355 801 triumphis

108 806 311 868 agmina.
382 821 526 881 quem
551 804 683 850 iuxta
710 804 924 867 sequitur
950 804 1204 852 iactantior
1228 807 1406 864 Ancus,

107 890 236 920 nunc
263 889 453 937 quoque
478 872 573 918 iam
598 871 803 918 nimium
816 872 1040 947 ’gaudens
1071 873 1379 935 popularibus
1407 873 1543 920 auriS.

106 941 174 987 vis
202 953 249 987 et
276 939 566 1002 Tarquinios
591 955 721 1000 reges
749 939 1056 1002 animamque
1082 940 1334 1002 superbam

107 1007 272 1054 ultoris
300 1007 434 1053 Bruti
463 1007 707 1068 fascesque
734 1006 896 1052 videre
921 1010 1169 1069 receptos?

106 1074 314 1121 consulis
338 1073 594 1136 imperium
620 1073 697 1119 hic
724 1073 903 1136 primus
931 1091 1185 1137 saevasque
1211 1090 1395 1121 secures

105 1141 327 1204 accipiet,
355 1154 586 1203 natosque
611 1154 761 1203 pater,
790 1158 911 1186 nova
939 1141 1067 1187 bella
1093 1154 1356 1199 moventes,
1485 1155 1547 1186 820

105 1208 163 1255 ad
188 1225 393 1272 poenam
417 1208 617 1271 pulchra
642 1225 726 1271 pro
753 1208 975 1254 libertate
1001 1208 1207 1266 vocabit,

105 1275 304 1322 infelix!
344 1289 608 1338 utcumque
634 1275 792 1321 ferent
819 1292 872 1321 ea
898 1275 1025 1321 facta
1050 1274 1273 1333 minores,

104 1342 267 1389 vincet
294 1359 423 1388 amor
447 1342 625 1404 patriae
652 1343 947 1405 laudumque
974 1342 1191 1389 inmensa
1216 1341 1409 1404 cupido·

106 1409 223 1472 quin
249 1409 424 1456 Decios
450 1409 724 1472 Drusosque
751 1409 935 1472 procul,
963 1426 1250 1472 saevumque
1277 1409 1428 1455 securi

106 1476 262 1539 aspice
289 1476 611 1539 Torquatum,
637 1489 685 1522 et
709 1476 996 1523 referentem
1023 1476 1153 1537 signa
1181 1476 1463 1523 Camillum.

105 1544 218 1589 illae
244 1556 420 1601 autem,
446 1543 635 1606 paribus
661 1561 774 1607 quas
802 1543 983 1604 fulgere
1010 1543 1162 1590 cernis
1188 1543 1239 1589 in
1265 1542 1419 1600 armis,

105 1611 363 1657 concordes
391 1611 576 1656 animae
603 1627 748 1668 nunc,
778 1624 825 1656 et
851 1611 966 1656 dum
993 1623 1135 1655 nocte
1159 1622 1458 1672 premuntur,

104 1679 198 1724 heu
226 1691 458 1740 quantum
484 1677 610 1723 inter
635 1694 681 1723 se
709 1678 908 1734 bellum,
936 1677 972 1723 si
1000 1677 1183 1722 lumina
1208 1676 1335 1723 vitae
1375 1734 1380 1739 ι

105 1744 364 1805 attigerint,
391 1758 589 1807 quantas
617 1744 739 1790 acies
766 1757 1063 1807 stragemque
1090 1744 1304 1802 ciebunt,

105 1812 346 1872 aggeribus
373 1828 504 1858 socer
527 1811 717 1874 Alpinis
747 1824 890 1874 atque
917 1828 1022 1857 arce
1050 1811 1283 1858 Monoeci
1482 1826 1545 1866 830

104 1879 413 1936 descenden5‚
440 1895 583 1940 gener
609 1878 811 1925 adversis
839 1879 1097 1925 instructus
1125 1878 1263 1926 Eois!

104 1963 179 2004 ne,
206 1946 356 2008 pueri,
384 1963 444 1992 ne
472 1959 603 1992 tanta
630 1945 799 1992 animis
827 1946 1093 1992 adsuescite
1118 1945 1262 2004 bella,

104 2030 197 2059 neu
218 2013 400 2076 patriae
425 2013 641 2059 validas
629 2030 679 2059 1n
704 2012 884 2060 viscera
908 2013 1080 2059 vertite
1105 2013 1257 2059 vires:

104 2094 253 2143 tuque
277 2080 418 2142 prior,
445 2093 496 2126 tu
522 2097 679 2143 parce,
707 2096 853 2141 genus
880 2080 961 2143 qui
989 2080 1122 2126 ducis
1151 2080 1396 2142 Olympo·
1383 2116 1397 2136 ,

104 2147 263 2209 proice
290 2147 386 2193 tela
410 2163 571 2204 manu,
599 2147 784 2208 sanguis
810 2147 971 2194 meus!

104 2214 188 2260 ille
215 2214 505 2276 triumphata
534 2213 776 2276 Capitolia
802 2214 862 2260 ad
888 2214 982 2260 alta
1009 2213 1249 2260 Corintho

104 2280 256 2327 victor
280 2295 385 2342 aget
412 2298 615 2339 currum,
643 2280 788 2327 caesis
814 2280 1010 2342 insignis
1034 2281 1248 2328 Achivis.

108 2360 239 2394 eruet
262 2347 346 2394 ille
372 2349 516 2409 Argos
542 2348 1040 2411 Agamemnoniasque
1069 2349 1319 2409 Mycenas,

106 2413 354 2477 ipsumque
378 2415 642 2472 Aeaciden,
666 2432 814 2476 genus
840 2416 1170 2478 armipotentis
1195 2414 1396 2473 Achilli,

106 2480 233 2526 ultus
259 2498 365 2528 avos
392 2482 584 2540 Troiae,
612 2483 791 2546 templa
819 2496 865 2529 et
891 2495 1120 2529 temerata
1148 2482 1419 2529 Minervae.
1479 2495 1541 2535 840

108 2546 210 2609 quis
231 2559 294 2603 te,
311 2564 479 2609 magne
502 2550 642 2607 Cato,
660 2549 879 2606 tacitum,
899 2563 980 2596 aut
1001 2562 1064 2606 te,
1084 2549 1246 2607 Cosse‚
1267 2549 1539 2610 relinquat?

108 2612 211 2675 quis
239 2613 447 2660 Gracchi
473 2633 634 2675 genus,
662 2629 742 2663 aut
767 2616 996 2678 geminos,
1023 2616 1118 2663 duo
1145 2616 1350 2662 fulmina
1377 2613 1510 2672 belli,

110 2679 366 2743 ScipiadaS,
393 2681 578 2729 cladem
603 2684 799 2745 Libyae,
827 2701 1066 2746 parvoque
1089 2696 1342 2745 potentem

623 2760 697 2808 827
728 2767 959 2809 prementur.
