1866 3208
535 271 812 309 AENEIDOS
843 272 947 310 LIB.
977 272 1060 309 VII
1473 283 1549 323 251

122 381 298 438 Ufens,
326 379 562 440 insignem
588 379 714 424 fama
741 392 788 424 et
814 379 1035 426 felicibus
1063 378 1200 425 armis
1225 399 1238 435 3

119 448 310 494 horrida
334 445 590 509 praecipue
617 445 695 491 cui
721 462 849 506 gens,
878 447 1168 509 adsuetaque
1195 446 1349 492 multo

119 528 297 561 venatu
324 529 591 569 nemorum,
618 511 747 558 duris
773 513 1042 575 Aequicula
1068 513 1262 575 glaebis.

121 580 285 628 armati
313 593 485 627 terram
512 592 756 636 exercent,
785 596 1067 643 semperque
1094 593 1312 627 recentes

120 660 403 695 convectare
430 646 560 693 iuvat
585 646 781 708 praedas
811 660 857 692 et
883 646 1043 693 vivere
1071 662 1222 710 rapt0.

186 714 303 777 quin
331 727 378 760 et
407 713 654 760 Marruvia
680 713 815 760 venit
841 713 901 759 de
929 727 1072 774 gente
1100 715 1330 771 sacerdos,
1500 739 1563 769 750

119 782 289 828 fronde
316 798 456 844 super
481 781 664 842 galeam
693 793 739 827 et
766 780 897 827 felici
926 795 1145 843 comptus
1173 782 1312 839 oliva,

118 848 352 911 Archippi
380 848 499 909 regis
526 847 684 905 missu,
713 847 998 894 fortissimus
1028 849 1233 903 Umbro,

117 916 311 978 vipereo
337 915 500 977 generi
529 928 575 962 et
600 914 805 975 graviter
831 915 1118 977 spirantibus
1145 915 1306 977 hydris

119 1000 332 1045 spargere
360 983 439 1045 qui
467 999 655 1028 somnos
683 996 927 1045 cantuque
959 999 1200 1045 manuque
1226 982 1422 1041 solebat,

118 1050 457 1112 mulcebatque
483 1048 572 1095 iras
598 1062 644 1095 et
670 1066 849 1095 morsus
878 1063 976 1096 arte
1004 1051 1204 1097 levabat.

119 1117 200 1164 sed
226 1134 323 1163 non
349 1116 624 1163 Dardaniae
649 1116 877 1163 medicari
905 1117 1114 1179 cuspidis
1141 1117 1292 1163 ictum

119 1184 313 1242 evaluit,
341 1200 500 1248 neque
527 1200 637 1230 eum
664 1183 827 1229 iuvere
855 1183 904 1229 in
932 1184 1132 1230 vulnera
1159 1196 1326 1229 cantus

117 1251 364 1298 somniferi
392 1264 439 1298 et
467 1250 638 1297 Marsis
665 1250 905 1313 quaesitae
933 1250 1177 1296 montibus
1201 1250 1392 1297 herbae.

119 1332 165 1365 te
191 1336 358 1365 nemus
384 1318 659 1380 Anguitiae,
686 1317 835 1364 vitrea
863 1331 908 1364 te
938 1317 1145 1364 Fucinus
1173 1317 1318 1374 unda,

117 1399 163 1432 te
188 1385 360 1448 liquidi
386 1385 556 1432 flevere
585 1386 730 1432 lacus.
1499 1399 1562 1440 760

185 1453 284 1499 ibat
311 1466 357 1500 et
386 1452 643 1514 Hippolyti
669 1453 824 1514 proles
850 1452 1177 1514 pulcherrima
1202 1452 1346 1507 bello,

117 1519 332 1575 Virbius,
360 1519 598 1580 insignem
624 1536 769 1582 quem
796 1533 948 1566 mater
973 1519 1132 1565 Aricia
1159 1518 1302 1576 misit,

119 1587 348 1634 eductum
374 1586 566 1647 Egeriae
592 1586 712 1633 lucis
739 1586 955 1633 umentia
981 1585 1164 1633 circum

118 1654 272 1711 litora,
297 1653 489 1716 pinguis
517 1653 596 1699 ubi
627 1666 672 1700 et
697 1653 946 1716 placabilis
975 1671 1051 1699 ara
1076 1652 1278 1700 Dianae.

118 1738 325 1784 namque
374 1721 534 1767 ferunt
588 1721 713 1766 fama
763 1720 1110 1783 Hippolytum,
1158 1733 1409 1783 postquam
1459 1733 1557 1767 arte

253 1804 487 1834 novercae

117 1855 344 1902 occiderit
369 1854 635 1918 patriasque
663 1854 867 1916 explerit
893 1853 1121 1915 sanguine
1146 1871 1324 1917 poenas

117 1922 315 1969 turbatis
341 1922 590 1969 distractus
617 1922 763 1985 equiS‚
792 1921 851 1968 ad
877 1922 1029 1968 sidera
1055 1938 1210 1968 rursus

117 1989 326 2036 aetheria
352 2002 399 2036 et
424 2006 613 2052 superas
641 1988 761 2036 caeli
789 1988 975 2035 venisse
1002 1988 1088 2035 sub
1113 2006 1263 2045 auraS‚

120 2056 336 2103 Paeoniis
361 2069 638 2103 revocatum
662 2056 820 2102 herbis
849 2069 895 2102 et
923 2073 1080 2102 amore
1106 2055 1306 2102 Dianae.

117 2136 220 2170 tum
248 2124 386 2170 Pater
415 2123 735 2184 omnipotens,
756 2123 968 2186 aliquem
995 2122 1272 2183 indignatus
1293 2123 1350 2169 ab
1377 2122 1554 2168 umbris

117 2191 366 2237 mortalem
392 2190 594 2236 infernis
621 2190 680 2236 ad
704 2190 889 2237 lumina
917 2206 1104 2250 surgere
1130 2189 1270 2246 vitae,
1494 2215 1553 2244 771

116 2257 215 2320 ipse
239 2271 530 2320 repertorem
556 2257 825 2304 medicinae
853 2257 958 2304 talis
987 2270 1033 2304 et
1058 2256 1166 2303 artis

118 2324 323 2372 fulmine
352 2324 707 2386 Phoebigenam
736 2324 917 2387 Stygias
943 2324 1145 2371 detrusit
1171 2324 1230 2370 ad
1256 2324 1420 2371 undas.

119 2404 165 2438 at
190 2392 358 2439 Trivia
387 2392 710 2455 Hippolytum
735 2392 926 2439 secretis
954 2392 1076 2438 alma
1102 2391 1321 2438 recondit

118 2459 321 2518 sedibus,
350 2473 395 2507 et
422 2461 661 2522 nymphae
691 2460 888 2522 Egeriae
916 2459 1196 2523 nemorique
1221 2459 1415 2520 relegat,

119 2525 240 2571 solus
266 2526 346 2573 ubi
372 2527 421 2574 in
449 2527 576 2574 silvis
602 2527 736 2574 Italis
765 2526 988 2589 ignobilis
1014 2543 1183 2574 aevum

121 2591 346 2655 exigeret,
369 2611 597 2658 versoque
623 2594 704 2641 ubi
731 2595 928 2641 nomine
955 2594 1151 2641 Virbius
1179 2607 1314 2641 esset.

119 2659 246 2704 unde
273 2658 416 2706 etiam
442 2661 623 2723 templo
649 2662 844 2708 Triviae
872 2662 1085 2725 lucisque
1111 2660 1300 2708 sacratis

118 2725 398 2787 cornipedes
423 2740 644 2773 arcentur
669 2729 797 2791 equi,
822 2729 950 2792 quod
976 2729 1116 2775 litore
1142 2744 1333 2775 currum

119 2805 166 2838 et
191 2791 415 2839 iuvenem
440 2794 660 2840 monstris
684 2795 844 2857 pavidi
873 2796 1082 2842 effudere
1109 2794 1314 2841 marinis.
1488 2808 1550 2848 780

375 2880 450 2920 757
481 2872 648 2909 vulnere.
844 2884 917 2921 773
951 2872 1221 2920 Poenigenarn.
