1861 3256
261 268 313 304 40

709 256 753 294 P.
782 253 1017 293 VERGILI
1045 253 1304 292 MARONIS

329 364 400 410 sin
427 364 640 410 maculae
666 362 904 424 incipient
928 362 1069 409 rutilo
1094 361 1389 408 inmiscerier
1413 361 1527 422 igni,

326 431 487 477 omnia
514 443 616 476 tum
640 428 813 491 pariter
837 440 982 475 vento
1007 429 1276 492 nimbisque
1302 428 1482 474 videbis

327 497 524 543 fervere.
597 512 693 541 non
720 494 801 540 illa
826 494 1072 566 quisquam
1097 512 1173 541 me
1199 508 1338 542 nocte
1362 512 1445 557 per
1471 495 1620 541 altum

325 563 394 610 ire
421 578 574 624 neque
601 579 626 607 a
652 574 771 608 terra
797 574 987 608 moneat
1013 562 1281 608 convellere
1307 562 1490 607 funem.

326 641 372 675 at
398 629 449 686 si,
477 644 586 674 cum
612 627 880 690 referetque
906 628 1032 674 diem
1059 628 1328 690 condetque
1353 628 1569 684 relatum,

326 695 511 741 lucidus
535 693 657 739 orbis
685 693 787 752 erit,
815 694 981 740 frustra
1008 695 1239 740 terrebere
1264 694 1452 751 nimbis,

326 774 373 807 et
399 760 523 806 claro
550 760 686 806 silvas
713 777 876 807 cernes
902 761 1140 824 Aquilone
1166 760 1359 807 moveri.
1691 774 1753 814 460

324 827 532 889 denique
559 826 674 889 quid
698 827 880 889 Vesper
905 845 1031 874 serus
1057 829 1213 884 vehat,
1241 827 1368 873 unde
1394 843 1578 873 serenas

324 906 494 939 ventus
521 906 624 953 agat
650 894 813 951 nubeS‚
842 894 958 957 quid
984 894 1156 954 cogitet
1181 893 1367 939 umidus
1392 894 1578 950 Auster,

324 960 391 1005 sol
418 959 503 1005 tibi
531 960 661 1020 signa
687 960 834 1006 dabit.
907 961 1053 1006 solem
1079 961 1180 1022 quis
1207 960 1363 1006 dicere
1390 960 1561 1005 falsum

324 1026 530 1072 audeat?
601 1026 682 1072 ille
711 1026 852 1072 etiam
881 1043 1043 1073 caecos
1066 1027 1239 1072 instare
1265 1027 1494 1073 tumultus

324 1109 460 1154 saepe
486 1106 650 1139 monet
678 1092 989 1155 fraudemque
1016 1106 1063 1139 et
1088 1106 1250 1155 operta
1276 1105 1537 1139 tumescere
1563 1092 1704 1138 bella.

324 1158 408 1204 ille
436 1159 580 1205 etiam
607 1158 842 1205 exstincto
871 1159 1112 1205 miseratus
1139 1159 1336 1206 Caesare
1364 1160 1581 1216 Romam,

324 1242 433 1272 cum
461 1238 602 1288 caput
628 1226 823 1271 obscura
854 1225 1060 1271 nitidum
1087 1226 1319 1286 ferrugine
1346 1226 1480 1283 texit,
1568 1284 1574 1289 ἢ

323 1292 547 1355 inpiaque
575 1305 815 1338 aeternam
845 1291 1108 1338 timuerunt
1134 1293 1316 1338 saecula
1344 1305 1548 1339 noctem.

324 1371 538 1420 tempore
581 1375 871 1421 quamquam
920 1359 1003 1404 illo
1047 1358 1184 1405 tellus
1228 1375 1416 1420 quoque
1461 1372 1507 1405 et
1551 1375 1752 1421 aequora

457 1438 592 1486 pont1

322 1491 651 1555 obscenaeque
679 1509 818 1538 canes
847 1492 1229 1555 inportunaeque
1254 1491 1467 1538 volucres
1693 1516 1755 1545 470

323 1558 450 1619 signa
477 1559 669 1605 dabant.
742 1559 964 1621 quotiens
994 1559 1264 1621 Cyclopum
1291 1559 1515 1604 effervere
1549 1557 1599 1603 in
1627 1574 1752 1618 agros

320 1625 524 1671 vidimus
552 1626 814 1671 undantem
840 1626 987 1687 ruptis
1016 1625 1283 1671 fornacibus
1308 1626 1528 1682 Aetnam,

321 1691 714 1754 flammarumque
740 1692 902 1752 globos
930 1692 1283 1754 liquefactaque
1307 1692 1498 1737 volvere
1525 1708 1633 1737 saxa
1658 1691 1666 1738 !

322 1775 560 1804 armorum
586 1758 791 1804 sonitum
821 1771 921 1804 toto
951 1758 1211 1804 Germania
1238 1758 1369 1804 caelo

322 1824 486 1882 audiit,
514 1824 717 1871 insolitis
747 1838 1044 1871 tremuerunt
1071 1824 1276 1870 motibus
1302 1825 1467 1886 AlpeS.

319 1908 411 1937 vox
438 1908 627 1954 quoque
653 1908 737 1953 per
764 1891 897 1938 lucos
924 1892 1066 1952 vulgo
1094 1891 1313 1937 exaudita
1338 1891 1531 1936 silentes

321 1958 504 2018 ingens,
533 1971 579 2004 et
606 1958 856 2004 simulacra
883 1958 1034 2003 modis
1062 1958 1292 2020 pallentia
1318 1957 1446 2003 miris

320 2024 416 2070 visa
443 2024 528 2070 sub
555 2025 806 2071 obscurum
836 2025 1005 2082 noctis,
1034 2024 1332 2086 pecudesque
1359 2023 1563 2081 locutae,

321 2091 605 2138 infandum!
645 2091 818 2137 sistunt
848 2108 1007 2137 amnes
1037 2104 1277 2153 terraeque
1304 2090 1572 2147 dehiscunt,

323 2170 369 2203 et
389 2172 622 2204 maestum
643 2158 915 2204 inlacrimat
941 2158 1129 2220 templis
1151 2158 1264 2203 ebur
1281 2174 1479 2219 aeraque
1507 2156 1691 2202 sudant.

320 2224 496 2285 proluit
522 2225 688 2271 insano
718 2238 1040 2287 contorquens
1068 2224 1242 2270 vertice
1269 2224 1406 2269 silvas
1693 2237 1753 2276 481

321 2289 574 2337 fluviorum
598 2309 679 2337 rex
708 2292 958 2348 Eridanus,
988 2308 1271 2352 camposque
1298 2307 1380 2351 per
1404 2306 1568 2335 omnes

323 2373 432 2402 cum
459 2358 652 2403 stabulis
683 2372 893 2404 armenta
923 2358 1048 2403 tulit.
1121 2373 1209 2402 nec
1237 2370 1445 2417 ternpore
1473 2355 1639 2401 eodem

323 2422 533 2469 tristibus
560 2437 639 2469 aut
668 2424 785 2469 extis
815 2424 956 2469 fibrae
985 2439 1206 2484 apparere
1232 2423 1438 2467 minaces

322 2502 402 2535 aut
425 2489 581 2551 puteis
609 2507 796 2535 manare
824 2507 962 2535 cruor
989 2489 1201 2545 cessavit,
1228 2501 1274 2534 et
1300 2489 1421 2534 altae

323 2572 404 2618 per
429 2570 619 2602 noctem
647 2573 864 2602 resonare
892 2555 1014 2616 lupis
1041 2555 1335 2600 ululantibus
1362 2554 1511 2601 urbeS.

324 2639 420 2668 non
449 2622 558 2668 alias
586 2623 717 2668 caelo
743 2622 1020 2668 ceciderunt
1046 2622 1179 2682 plura
1207 2638 1371 2666 sereno

325 2688 526 2750 fulgura,
555 2705 643 2735 nec
670 2689 759 2735 diri
788 2688 962 2734 totiens
990 2705 1138 2734 arsere
1166 2700 1394 2734 cometae.

686 2776 764 2815 454
794 2765 993 2815 incipiunt.
1104 2765 1177 2813 461
1211 2766 1318 2803 ferat.
