1861 3256
561 231 836 269 AENEIDOS
867 230 970 269 LIB.
999 230 1063 268 ΙΙΙ
1495 242 1567 280 143

128 339 257 386 haud
283 338 545 385 dubitanda
571 339 724 384 refer:
763 338 1034 400 Corythum
1060 351 1298 401 terrasque
1325 339 1534 402 requirat

128 406 377 453 Ausonias.
447 404 649 451 Dictaea
677 418 816 464 negat
844 405 930 451 tibi
958 405 1176 468 Iuppiter
1202 405 1341 452 arva.'
1515 432 1570 461 171

131 474 303 520 talibus
330 471 557 519 attonitus
583 471 689 517 visis
718 484 764 517 et
789 489 904 517 voce
931 473 1200 518 deorum—

130 558 218 587 nec
246 557 381 603 sopor
406 538 528 585 illud
555 553 668 596 erat,
697 538 777 584 sed
804 555 962 584 coram
989 540 1274 600 adgnoscere
1299 540 1459 587 vultus

128 608 403 669 velatasque
430 623 584 653 comas
610 604 974 668 praesentiaque
1001 624 1080 652 ora
1106 607 1337 653 videbar·
1323 626 1338 661 3

129 687 231 720 tum
241 673 441 749 ‘gelidus
469 686 569 719 toto
596 672 819 718 manabat
846 689 1043 735 corpore
1070 674 1279 719 sudor—

130 741 336 803 corripio
363 758 388 787 e
414 740 566 787 stratis
593 757 761 802 corpus
790 739 1029 802 tendoque
1057 740 1242 803 supinas

129 809 187 854 ad
213 808 400 854 caelum
427 825 536 854 cum
561 823 678 853 voce
705 823 871 852 manus
899 820 945 852 et
971 823 1168 852 munera
1195 808 1293 854 libo

128 874 408 920 intemerata
434 874 568 921 focis.
638 873 855 936 perfecto
882 874 1032 919 laetus
1058 875 1240 920 honore

126 941 375 987 Anchisen
402 941 526 987 facio
553 954 736 987 certum
763 957 957 1004 remque
985 940 1151 986 ordine
1176 942 1351 1004 pando.

129 1007 355 1068 adgnovit
379 1008 566 1070 prolem
592 1007 863 1068 ambiguam
888 1007 1195 1071 geminosque
1222 1022 1440 1070 parentes
1514 1022 1574 1053 180

129 1092 271 1137 seque
298 1092 423 1121 novo
449 1088 665 1121 veterum
692 1075 951 1137 deceptum
978 1092 1132 1121 errore
1160 1075 1391 1122 locorum.

128 1155 231 1188 turn
257 1155 515 1188 memorat:
555 1146 567 1166 ‘
584 1155 710 1199 nate,
739 1141 897 1188 Iliacis
927 1142 1132 1188 exercite
1158 1141 1281 1199 fatis,

129 1209 225 1255 sola
251 1209 368 1255 mihi
398 1209 511 1255 tales
539 1226 669 1255 casus
698 1209 962 1255 Cassandra
989 1210 1206 1255 canebat.

128 1293 257 1322 nunc
284 1291 449 1339 repeto
474 1277 592 1323 haec
619 1276 779 1338 generi
805 1276 1091 1339 portendere
1118 1275 1279 1322 debita
1303 1288 1478 1333 nostro,

131 1357 177 1389 et
202 1360 339 1406 saepe
367 1343 668 1406 Hesperiam,
697 1361 836 1406 saepe
863 1343 985 1389 Itala
1010 1360 1152 1404 regna
1176 1360 1361 1390 vocare.

130 1410 209 1456 sed
235 1410 338 1473 quis
366 1410 424 1456 ad
451 1410 717 1474 Hesperiae
744 1424 969 1457 venturos
997 1410 1137 1456 litora
1165 1411 1381 1456 Teucros

130 1477 383 1524 crederet?
421 1490 501 1524 aut
527 1495 670 1541 quem
699 1491 799 1523 tum
826 1491 956 1524 vates
985 1477 1250 1524 Cassandra
1276 1480 1524 1523 moveret?

130 1545 351 1590 cedamus
380 1544 575 1591 Phoebo
602 1558 647 1591 et
673 1545 844 1591 moniti
871 1544 1071 1590 meliora
1097 1544 1382 1607 sequamur.'

128 1611 191 1658 sic
220 1611 297 1669 ait,
326 1624 374 1658 et
398 1611 561 1658 cuncti
589 1611 718 1658 dicto
743 1628 961 1674 paremus
987 1625 1197 1658 ovantes,

128 1680 251 1725 hanc
279 1696 469 1742 quoque
495 1679 751 1724 deserimus
779 1678 956 1736 sedem,
983 1678 1240 1740 paucisque
1266 1676 1444 1724 relictis
1515 1701 1575 1732 190

128 1746 234 1792 vela
262 1745 425 1792 damus
451 1759 731 1808 vastumque
759 1762 872 1792 cava
900 1745 1029 1791 trabe
1057 1745 1286 1791 currimus
1313 1761 1505 1808 aequor.

192 1825 444 1875 postquam
464 1813 614 1858 altum
634 1826 831 1858 tenuere
852 1825 974 1858 rates
997 1829 1084 1858 nec
1107 1812 1201 1858 iam
1223 1812 1427 1875 amplius
1449 1811 1573 1858 ullae

128 1892 360 1942 apparent
386 1893 550 1937 terrae,
579 1880 763 1926 caelum
790 1879 1003 1942 undique
1031 1893 1078 1926 et
1103 1879 1318 1942 undique
1343 1893 1531 1942 pontUS‚

128 1960 230 1992 tum
255 1946 373 1992 mihi
401 1947 644 1994 caeruleus
672 1964 806 2010 supra
835 1960 979 2010 caput
1006 1946 1186 1993 adstitit
1210 1947 1362 1993 imber

127 2027 321 2060 noctem
346 2013 650 2077 hiememque
673 2014 843 2073 ferens,
868 2028 913 2060 et
932 2014 1170 2060 inhorruit
1191 2014 1318 2060 unda
1346 2011 1571 2060 tenebris.

127 2080 357 2127 continuo
382 2081 515 2127 venti
542 2082 744 2127 volvunt
770 2098 896 2127 mare
923 2098 1188 2144 magnaque
1215 2093 1411 2142 surgunt

127 2165 362 2211 aequora;
399 2148 593 2210 dispersi
622 2148 852 2194 iactamur
877 2148 1058 2209 gurgite
1084 2162 1246 2204 vast03

126 2214 369 2262 involvere
395 2215 522 2261 diem
549 2215 717 2273 nimbi,
747 2229 793 2262 et
819 2232 914 2261 nox
941 2215 1102 2261 umida
1127 2215 1313 2262 caelum

128 2282 353 2339 abstulit3
390 2282 691 2344 ingeminant
718 2282 927 2345 abruptis
954 2283 1160 2329 nubibus
1187 2282 1333 2343 ignes.

131 2349 396 2396 excutimur
422 2367 560 2396 cursu
590 2363 635 2396 et
662 2350 813 2396 caecis
842 2367 1048 2396 erramus
1074 2349 1124 2395 in
1151 2349 1307 2396 undis.
1512 2373 1573 2394 200

129 2413 226 2476 ipse
251 2417 379 2463 diem
405 2430 692 2480 noctemque
720 2431 860 2478 negat
886 2417 1152 2463 discernere
1179 2417 1314 2463 caelo

130 2497 216 2527 nec
244 2483 514 2531 meminisse
539 2484 642 2531 viae
670 2484 826 2531 media
855 2484 1104 2530 Palinurus
1130 2483 1180 2530 in
1207 2484 1350 2531 unda.

132 2560 221 2593 tres
248 2549 362 2595 adeo
386 2550 592 2597 incertos
619 2569 758 2598 caeca
785 2551 986 2612 caligine
1012 2552 1131 2598 soles

132 2630 334 2660 erramus
357 2618 539 2678 pelago,
568 2618 770 2664 totidem
797 2618 897 2664 sine
925 2619 1076 2665 sidere
1102 2631 1281 2664 noctes.

131 2694 298 2743 quarto
323 2694 442 2729 terra
467 2684 540 2730 die
565 2685 774 2747 primum
800 2702 848 2732 se
875 2686 1095 2732 attollere
1123 2685 1316 2731 tandem

130 2747 241 2805 visa,
271 2748 447 2810 aperire
471 2752 638 2812 procul
666 2765 847 2798 montes
875 2769 927 2798 ac
953 2753 1144 2798 volvere
1169 2752 1372 2797 furnum.
