1861 3256
234 250 283 287 28

680 250 724 289 P.
753 250 986 289 VERGILI
1016 252 1273 291 MARONIS

300 357 474 421 quique
501 375 642 405 novas
668 358 786 405 alitis
812 376 907 405 non
934 361 1033 406 ullo
1057 359 1234 406 semine
1261 360 1428 421 fruges,

298 424 475 488 quique
501 425 605 471 satis
632 425 813 485 largum
839 427 970 472 caelo
995 426 1240 473 demittitis
1265 426 1500 473 imbrem·
1487 447 1502 484 ;

298 503 443 554 tuque
470 491 597 546 ade0‚
626 507 767 553 quem
793 507 902 538 mox
929 510 1047 555 quae
1074 493 1167 540 sint
1191 492 1406 540 habitura
1431 494 1627 541 deorum

297 557 500 603 concilia
525 557 762 603 incertum
789 571 872 615 est,
900 559 1098 606 urbesne
1125 559 1341 616 invisere,
1368 559 1552 617 Caesar,

297 637 616 685 terrarumque
644 623 758 670 velis
785 641 961 682 curam,
991 639 1036 672 et
1062 640 1107 672 te
1133 625 1362 672 maximus
1386 626 1510 672 orbis

296 702 536 736 auctorem
565 689 754 751 frugum
782 703 1209 755 tempestatumque
1234 705 1479 754 potentem

295 756 512 817 accipiat,
539 756 732 816 cingens
759 771 970 804 materna
995 771 1203 821 tempora
1228 771 1380 820 myrto
1405 779 1419 815 ;

295 839 353 868 an
379 823 492 868 deus
518 822 719 869 inmensi
747 824 904 870 venias
933 826 1068 871 maris
1094 842 1146 871 ac
1172 838 1251 872 tua
1276 838 1444 872 nautae

295 888 492 935 numina
518 890 612 935 sola
638 890 814 947 colant,
842 891 926 937 tibi
955 892 1123 939 serviat
1148 892 1314 939 ultima
1340 892 1520 948 Thule,
1686 916 1727 947 30

295 969 435 1018 teque
462 955 547 1001 sibi
572 971 799 1016 generum
828 958 1012 1020 Tethys
1040 971 1162 1005 emat
1186 958 1404 1018 omnibus
1432 959 1601 1004 undis·
1589 979 1603 1015 ;

294 1039 416 1068 anne
443 1038 620 1068 novum
647 1023 785 1069 tardis
811 1023 933 1083 sidus
960 1038 1005 1071 te
1031 1014 1267 1072 mensibus
1292 1025 1442 1082 addas,

296 1106 386 1151 qua
411 1089 542 1135 locus
569 1089 808 1149 Erigonen
836 1090 958 1136 inter
985 1091 1251 1154 Chelasque
1277 1106 1524 1154 sequentes

295 1155 515 1217 panditur
536 1176 550 1212 ;
587 1155 684 1217 ipse
711 1155 796 1202 tibi
823 1155 915 1203 iam
943 1157 1159 1204 bracchia
1184 1159 1419 1204 contrahit
1444 1158 1609 1204 ardens

298 1222 512 1284 Scorpios
539 1235 586 1268 et
611 1223 730 1269 caeli
757 1222 876 1269 iusta
900 1223 1005 1285 plus
1030 1238 1158 1286 parte
1183 1225 1374 1287 reliquit
1396 1245 1410 1281 ;

296 1289 526 1351 quidquid
551 1289 819 1336 eris—nam
845 1302 891 1336 te
917 1307 1005 1337 nec
1031 1304 1214 1352 sperant
1240 1291 1436 1337 Tartara
1461 1307 1620 1352 regem

295 1372 384 1401 nec
412 1355 496 1401 tibi
523 1356 747 1416 regnandi
774 1356 932 1403 veniat
959 1370 1054 1403 tam
1078 1357 1178 1402 dira
1203 1357 1389 1419 cupido,

296 1422 506 1484 quamvis
534 1422 714 1483 Elysios
741 1423 936 1469 miretur
964 1423 1164 1470 Graecia
1188 1440 1375 1486 campos

296 1505 383 1534 nec
411 1489 607 1550 repetita
632 1489 762 1552 sequi
790 1503 925 1536 curet
954 1490 1230 1552 Proserpina
1254 1503 1520 1536 matrem—

295 1555 353 1601 da
379 1555 567 1601 facilem
594 1573 784 1603 cursum
811 1570 950 1620 atque
978 1557 1226 1603 audacibus
1253 1557 1406 1603 adnue
1431 1556 1627 1619 coeptis,
1685 1581 1728 1611 40

295 1622 570 1685 ignarosque
597 1622 697 1668 viae
724 1640 915 1670 mecum
942 1623 1181 1669 miseratus
1207 1637 1402 1684 agrestes

296 1689 537 1750 ingredere
564 1702 610 1735 et
635 1689 754 1735 votis
780 1690 872 1735 iarn
900 1707 1027 1736 nunc
1056 1690 1273 1736 adsuesce
1298 1689 1468 1737 vocari.

363 1773 471 1801 vere
499 1773 621 1802 novo
646 1756 828 1817 gelidus
855 1757 982 1803 canis
1007 1774 1117 1802 cum
1143 1756 1381 1803 montibus
1407 1774 1544 1803 umor

295 1822 492 1885 liquitur
517 1836 563 1868 et
589 1823 814 1885 Zephyro
839 1823 986 1885 putris
1014 1840 1058 1869 se
1083 1823 1244 1884 glaeba
1268 1823 1472 1880 resolvit,

296 1890 509 1951 depresso
535 1889 733 1951 incipiat
758 1889 851 1936 iam
878 1903 979 1937 tum
1005 1890 1122 1936 mihi
1150 1904 1305 1936 taurus
1331 1903 1477 1936 aratro

295 1956 549 2016 ingemere,
578 1970 624 2002 et
651 1957 783 2002 sulco
809 1957 991 2004 attritus
1018 1957 1341 2019 splendescere
1366 1973 1542 2004 vomer.

296 2023 377 2069 illa
403 2039 526 2083 seges
553 2023 747 2069 demum
773 2024 893 2070 votis
919 2025 1168 2086 respondet
1193 2024 1315 2070 avari

296 2090 542 2150 agricolae,
569 2090 635 2136 bis
662 2108 778 2154 quae
806 2091 969 2148 solem,
995 2091 1063 2137 bis
1089 2091 1256 2151 frigora
1281 2090 1459 2147 sensit3

295 2156 422 2202 illius
448 2157 688 2203 inmensae
714 2171 944 2219 ruperunt
970 2159 1132 2204 horrea
1156 2174 1339 2205 messeS.

297 2236 341 2269 at
366 2223 492 2285 prius
517 2224 734 2285 ignotum
763 2225 886 2270 ferro
913 2242 1053 2288 quam
1079 2224 1337 2271 scindimus
1362 2240 1550 2287 aequor,
1688 2246 1729 2276 50

297 2302 459 2335 ventos
486 2304 531 2337 et
557 2291 740 2337 varium
767 2291 884 2337 caeli
912 2292 1198 2353 praediscere
1224 2307 1403 2337 morem

296 2373 408 2402 cura
433 2357 490 2403 sit
516 2374 565 2403 ac
594 2358 762 2418 patrios
791 2359 1040 2421 cultusque
1066 2358 1343 2421 habitusque
1368 2358 1597 2412 locorum,

297 2437 344 2469 et
368 2423 482 2486 quid
507 2441 719 2486 quaeque
748 2425 862 2471 ferat
889 2425 1016 2485 regio
1042 2438 1087 2470 et
1112 2424 1226 2486 quid
1250 2440 1460 2486 quaeque
1486 2434 1685 2469 recuset.

297 2489 375 2535 hic
402 2503 594 2549 segetes,
621 2490 719 2536 illic
749 2491 947 2536 veniunt
973 2490 1157 2536 felicius
1184 2506 1314 2546 uvae,

298 2556 476 2602 arborei
504 2556 624 2602 fetus
650 2556 778 2613 alibi,
805 2570 941 2619 atque
968 2557 1138 2602 iniussa
1163 2556 1398 2602 virescunt

297 2622 521 2683 gramina.
592 2639 752 2669 nonne
778 2623 908 2668 vides
928 2639 1114 2669 croceos
1141 2635 1192 2669 ut
1218 2622 1419 2669 Tmolus
1445 2622 1623 2678 odores,

300 2689 436 2735 India
461 2689 608 2736 mittit
633 2690 762 2745 ebur,
789 2690 954 2736 molles
979 2706 1058 2735 sua
1083 2703 1186 2735 tura
1213 2689 1388 2744 Sabaei,

867 2767 914 2816 36
936 2773 1095 2816 sperent.
