1866 3208
309 220 386 261 260
765 221 810 260 P.
838 220 1073 260 VERGILI
1103 221 1361 260 MARONIS

374 341 421 376 at
446 345 610 391 specus
636 341 684 375 et
711 327 828 374 Caci
853 328 1041 375 detecta
1066 329 1281 393 apparuit
1305 329 1472 390 ingens

373 396 514 456 regia,
543 407 589 441 et
615 381 861 441 umbrosae
885 395 1076 458 penitus
1100 409 1296 459 patuere
1323 413 1581 443 cavernae:

374 478 472 508 non
498 478 631 507 secus
656 478 708 507 ac
735 460 770 506 si
796 478 888 524 qua
913 462 1101 525 penitus
1127 463 1172 509 vi
1200 475 1320 509 terra
1345 461 1592 509 dehiscens

373 527 584 574 infernas
610 540 784 573 reseret
809 528 938 574 sedes
965 541 1012 575 et
1036 546 1177 590 regna
1202 529 1415 576 recludat

372 593 563 657 pallida,
591 594 660 640 dis
685 593 850 652 invisa,
879 612 1113 659 superque
1138 596 1330 642 inmane
1355 596 1628 643 barathrum

374 673 614 717 cernatur,
640 660 881 723 trepident
906 661 1100 709 inmisso
1126 662 1309 709 lumine
1337 663 1524 708 ManeS.

376 744 484 788 ergo
509 727 745 790 insperata
771 727 1058 790 deprensum
1084 729 1192 776 luce
1218 742 1415 791 repente

336 794 710 857 “inclusumque
736 811 852 841 cavo
878 809 1156 858 saxo*atque
1180 795 1366 842 insueta
1390 795 1646 843 rudentem

373 860 575 922 desuper
598 860 791 907 Alcides
818 861 923 908 telis
949 863 1139 924 premit,
1171 862 1427 925 omniaque
1453 879 1579 909 arma

375 927 587 984 advocat,
616 940 662 973 et
687 927 826 974 ramis
850 929 1085 991 vastisque
1111 929 1367 976 molaribus
1393 929 1554 977 instat.
1742 952 1805 982 250

375 993 458 1040 ille
484 1006 657 1051 autem,
686 1011 843 1057 neque
871 995 999 1041 enim
1027 996 1133 1056 fuga
1157 995 1251 1042 iam
1278 1013 1417 1058 super
1442 995 1538 1042 ulla
1562 995 1745 1057 pericli,

374 1060 589 1106 faucibus
614 1060 862 1120 ingentem
889 1061 1359 1109 fumum—mirabile
1386 1062 1588 1109 dictu—

374 1126 550 1173 evomit
575 1127 872 1190 involvitque
898 1127 1094 1175 domum
1121 1129 1323 1190 caligine
1350 1145 1507 1186 caeca,

372 1207 673 1256 prospectum
701 1194 905 1256 eripiens
930 1195 1094 1253 oculis,
1122 1196 1444 1259 glomeratque
1470 1195 1555 1242 sub
1581 1208 1716 1242 antro

373 1260 644 1307 fumiferam
672 1274 866 1307 noctem
892 1261 1161 1308 commixtis
1188 1261 1296 1322 igne
1323 1261 1546 1309 tenebris.

374 1344 470 1373 non
498 1327 609 1374 tulit
632 1327 826 1374 Alcides
854 1327 1039 1385 animiS‚
1067 1345 1206 1391 seque
1232 1329 1331 1390 ipse
1356 1345 1439 1390 per
1463 1328 1624 1389 ignem

372 1393 621 1456 praecipiti
648 1394 762 1440 iecit
787 1395 925 1451 saltu,
954 1412 1045 1457 qua
1072 1395 1303 1457 plurimus
1331 1394 1507 1441 undam

372 1460 648 1521 fumusagit
674 1461 947 1524 nebulaque
973 1461 1140 1525 ingens
1168 1478 1330 1523 specus
1357 1474 1538 1508 aestuat
1563 1475 1677 1508 atra.

372 1527 450 1573 hic
479 1527 664 1574 Cacum
690 1527 740 1573 in
769 1527 975 1574 tenebris
1002 1527 1227 1574 incendia
1250 1545 1369 1573 vana
1395 1540 1669 1575 vomentem

373 1593 566 1656 corripit
591 1593 640 1639 in
669 1594 849 1641 nodum
876 1595 1166 1656 complexus,
1195 1607 1241 1641 et
1267 1594 1398 1655 angit
1423 1594 1674 1642 inhaerens
1743 1609 1806 1641 260

374 1660 510 1706 elisos
536 1661 700 1706 oculos
727 1673 774 1707 et
801 1660 978 1707 siccum
1007 1661 1434 1722 sanguineguttur.

371 1726 594 1789 panditur
619 1727 862 1789 extemplo
889 1727 1066 1773 foribus
1093 1727 1256 1774 domus
1283 1741 1379 1774 atra
1405 1727 1612 1786 revulsis,

372 1794 730 1856 abstractaeque
758 1793 897 1839 boves
926 1794 1258 1856 abiurataeque
1283 1794 1473 1856 rapinae

371 1859 505 1906 caelo
529 1860 859 1917 ostenduntur,
888 1860 1185 1923 pedibusque
1210 1859 1410 1906 informe
1436 1861 1635 1908 cadaver

370 1927 677 1989 protrahitur.
750 1940 997 1991 nequeunt
1023 1926 1202 1989 expleri
1228 1927 1366 1974 corda
1393 1927 1569 1974 tuendo

371 1993 604 2040 terribiles
631 1994 807 2050 oculos,
835 1994 1040 2052 vultum,
1069 1993 1329 2056 villosaque
1355 1993 1491 2040 saetis

370 2074 565 2122 pectora
593 2060 820 2119 semiferi,
851 2074 993 2124 atque
1022 2060 1279 2107 exstinctos
1307 2060 1523 2107 faucibus
1549 2060 1697 2122 ignes.

373 2144 430 2173 ex
458 2127 544 2173 illo
570 2127 840 2174 celebratus
867 2129 1035 2185 honos,
1063 2125 1270 2190 laetique
1296 2126 1503 2174 minores

372 2210 616 2240 servavere
642 2194 786 2252 diem,
815 2194 1090 2257 primusque
1119 2192 1319 2240 Potitius
1346 2206 1511 2241 auctor

373 2273 419 2306 et
445 2260 612 2307 domus
644 2261 879 2308 Herculei
908 2274 1062 2308 custos
1092 2259 1279 2306 Pinaria
1307 2259 1438 2308 sacri.
1743 2285 1805 2315 270

371 2328 493 2372 hanc
521 2344 649 2374 aram
677 2329 788 2375 luco
815 2327 994 2386 statuit,
1023 2344 1142 2391 quae
1170 2326 1386 2372 Maxima
1417 2342 1604 2389 semper

372 2393 558 2439 dicetur
586 2394 737 2452 nobis,
767 2408 814 2441 et
841 2395 928 2441 erit
954 2410 1072 2458 quae
1099 2392 1303 2439 maxima
1330 2409 1531 2455 semper.

373 2476 514 2522 quare
542 2460 682 2521 agite,
710 2478 738 2507 o
762 2461 975 2518 iuvenes,
1004 2473 1240 2507 tantarum
1266 2459 1316 2505 in
1342 2476 1541 2506 munere
1567 2460 1762 2507 laudum

373 2526 552 2588 cingite
580 2527 749 2573 fronde
777 2544 931 2576 comas
958 2539 1005 2574 et
1030 2526 1203 2589 pocula
1226 2525 1408 2588 porgite
1435 2525 1628 2584 dextris,

375 2611 780 2657 communemque
806 2607 969 2641 vocate
997 2593 1157 2650 deum,
1185 2604 1231 2638 et
1257 2592 1367 2638 date
1392 2592 1502 2639 vina
1527 2591 1777 2640 velentes?

375 2660 561 2707 dixerat
586 2679 596 2707 :
635 2661 880 2707 Herculea
905 2660 1089 2707 bicolor
1113 2675 1223 2705 cum
1248 2658 1453 2721 populus
1480 2660 1646 2707 umbra

453 2753 529 2791 247
561 2743 784 2792 deprensum
804 2741 858 2780 in.
969 2751 1042 2792 251
1076 2740 1202 2792 pericli
1223 2748 1291 2779 est.
1404 2751 1480 2792 257
1511 2741 1651 2781 iniecit.
