1861 3256
532 247 840 285 BUCOLICA:
886 247 1001 284 ECL.
1030 245 1073 283 ΙΙ
1544 254 1565 296 5

134 373 325 403 mecum
350 372 444 402 una
469 354 520 400 in
545 354 672 400 silvis
697 354 942 401 imitabere
971 355 1096 401 Pana
1123 352 1351 400 canendo,

136 424 235 470 Pan
261 423 469 485 primum
496 422 698 468 calamos
725 438 829 468 cera
857 421 1146 482 coniungere
1171 421 1329 482 plures

134 490 355 547 instituit,
385 490 482 535 Pan
509 501 642 535 curat
666 505 771 535 oves
799 488 1056 551 oviumque
1083 487 1342 549 magistros.

135 575 224 604 nec
251 571 297 604 te
322 556 563 618 paeniteat
588 556 771 602 calamo
798 555 976 601 trivisse
1003 555 1229 601 labellum
1251 572 1263 601 t

134 626 249 671 haec
278 624 442 670 eadem
469 636 521 669 ut
548 623 700 678 sciret,
729 622 844 685 quid
869 639 965 668 non
993 622 1194 668 faciebat
1217 622 1486 683 Amyntas?

136 706 203 738 est
228 691 347 737 mihi
375 689 633 752 disparibus
660 702 838 751 septem
866 703 1113 751 compacta
1138 688 1306 735 cicutis

135 758 302 815 fistula,
331 758 586 805 Damoetas
612 757 737 802 dono
762 755 881 801 mihi
908 773 1051 818 quam
1078 756 1207 802 dedit
1232 755 1347 801 olim

135 839 182 872 et
208 825 330 871 dixit
355 824 561 871 moriens
587 842 596 870 ι
634 829 664 848 “
681 836 727 869 te
753 840 882 869 nunc
909 822 1052 869 habet
1078 822 1163 868 ista
1189 822 1453 869 secundum
1471 820 1499 842 ''
1524 839 1534 868 ;

134 891 256 939 dixit
281 892 555 948 DamoetaS,
580 890 751 936 invidit
776 891 947 936 stultus
972 890 1219 952 Amyntas.

133 972 378 1022 praeterea
404 959 497 1004 duo
523 975 610 1004 nec
637 971 738 1004 tuta
764 957 882 1003 mihi
909 957 1033 1003 valle
1059 956 1231 1018 reperti
1532 980 1574 1009 40

135 1026 358 1088 capreoli,
384 1025 547 1088 sparsis
575 1025 717 1072 etiam
744 1041 872 1071 nunc
900 1024 1105 1087 pellibus
1133 1024 1275 1080 albo;

134 1093 247 1140 bina
272 1093 348 1139 die
375 1093 556 1139 siccant
582 1092 679 1138 ovis
706 1092 885 1146 ubera3
923 1109 1037 1154 quos
1065 1091 1149 1137 tibi
1176 1108 1322 1137 servo.

134 1161 228 1207 iam
252 1161 438 1223 pridem
465 1178 489 1206 a
513 1177 589 1206 me
616 1159 721 1205 illos
747 1159 979 1205 abducere
1008 1157 1251 1219 Thestylis
1277 1170 1375 1204 orat
1397 1177 1411 1213 ;

135 1241 183 1274 et
209 1228 366 1285 faciet,
395 1227 621 1290 quoniam
646 1226 837 1273 sordent
863 1226 949 1273 tibi
977 1242 1174 1271 munera
1198 1237 1373 1270 nostra.

134 1296 229 1342 huc
258 1295 382 1352 ades,
407 1313 434 1340 o
460 1295 662 1340 formose
687 1311 806 1357 puer
831 1312 840 1340 :
879 1292 965 1339 tibi
993 1292 1093 1338 lilia
1118 1292 1273 1355 plenis

136 1379 248 1409 ecce
275 1362 436 1408 ferunt
461 1361 718 1423 Nymphae
744 1360 942 1407 calathis
965 1381 979 1417 3
1017 1359 1103 1406 tibi
1131 1358 1331 1405 candida
1356 1357 1489 1414 Nais,

134 1429 368 1492 pallentes
394 1428 538 1474 violas
565 1441 611 1474 et
636 1445 818 1474 summa
843 1444 1075 1490 papavera
1102 1443 1313 1488 carpens,

136 1496 397 1542 narcissum
423 1509 470 1541 et
495 1495 661 1541 florem
687 1495 842 1555 iungit
869 1495 991 1540 bene
1017 1494 1189 1540 olentis
1216 1492 1377 1539 anethi
1400 1513 1414 1548 3

136 1578 239 1610 tum
266 1563 387 1609 casia
413 1576 554 1625 atque
581 1562 682 1608 aliis
707 1561 928 1607 intexens
955 1560 1174 1607 suavibus
1200 1559 1356 1606 herbis

135 1630 299 1677 mollia
325 1630 501 1676 luteola
526 1628 683 1691 pingit
708 1628 926 1675 vaccinia
954 1628 1125 1674 caltha.
1539 1650 1579 1679 50

136 1697 233 1759 ipse
260 1713 345 1757 ego
372 1713 489 1742 cana
515 1697 667 1756 legam
693 1709 856 1742 tenera
881 1694 1106 1755 lanugine
1133 1695 1257 1741 mala

136 1777 468 1826 castaneasque
495 1780 655 1820 nuces,
683 1779 788 1809 mea
814 1779 925 1825 quas
951 1761 1207 1823 Amaryllis
1236 1761 1420 1808 amabat
1443 1781 1457 1817 3

137 1831 305 1877 addam
332 1847 466 1877 cerea
490 1847 643 1892 pruna
667 1850 680 1886 3
718 1831 867 1875 honos
894 1829 985 1876 erit
1011 1829 1123 1875 huic
1152 1846 1342 1891 quoque
1368 1845 1548 1890 pomo;

138 1911 185 1945 et
209 1915 304 1956 VOS,
332 1916 359 1944 o
385 1897 522 1954 lauri,
552 1914 744 1960 carpam
771 1910 818 1943 et
845 1910 905 1954 te,
933 1896 1153 1958 proxima
1179 1909 1348 1957 myrte‚

138 1965 202 2012 sic
228 1965 408 2027 positae
435 1964 661 2027 quoniam
688 1981 846 2011 suaves
875 1964 1082 2011 miscetis
1110 1963 1290 2009 odores.

136 2032 337 2079 rusticus
363 2049 425 2087 eS,
455 2031 680 2093 Corydon
707 2050 717 2078 :
755 2048 844 2078 nec
871 2048 1072 2077 munera
1099 2044 1232 2077 curat
1255 2029 1435 2087 Alexis,

136 2117 244 2158 nec,
271 2099 306 2145 si
333 2098 612 2145 muneribus
640 2111 807 2156 certes,
834 2099 1067 2145 concedat
1093 2098 1252 2145 Iollas.

135 2168 228 2213 heu
246 2168 340 2213 heu
363 2167 373 2214 ἔ
447 2166 563 2229 quid
580 2166 708 2212 volui
727 2166 897 2212 misero
913 2165 1032 2211 mihi
1054 2169 1070 2210 ?
1141 2164 1334 2211 floribus
1349 2165 1578 2211 Austrum

136 2233 349 2296 perditus
377 2246 422 2279 et
448 2233 640 2296 liquidis
667 2233 826 2279 inmisi
855 2233 1065 2279 fontibus
1093 2250 1240 2294 apros,

139 2318 282 2363 quem
309 2301 444 2361 fugis,
468 2318 506 2360 a,
530 2301 724 2347 demens
746 2304 762 2346 ?
788 2300 1067 2346 habitarunt
1093 2299 1139 2345 di
1168 2316 1358 2362 quoque
1386 2298 1520 2345 silvas
1539 2311 1580 2344 60

139 2367 501 2432 Dardaniusque
529 2367 672 2415 Paris.
746 2367 900 2413 Pallas
928 2385 1041 2431 quas
1069 2366 1284 2413 condidit
1310 2383 1436 2412 arces

140 2434 239 2496 ipsa
264 2436 423 2481 colat·
410 2471 424 2489 ‚
462 2434 597 2482 nobis
624 2435 846 2498 placeant
872 2448 982 2480 ante
1008 2434 1170 2480 omnia
1197 2434 1354 2480 silvae.

144 2513 273 2547 torva
296 2503 462 2548 leaena
489 2503 657 2564 lupum
684 2502 912 2565 sequitur,
940 2501 1117 2564 lupus
1106 2518 1205 2564 lpse
1233 2501 1480 2563 capellam,

143 2567 390 2615 florentem
416 2569 618 2631 cytisum
645 2569 857 2632 sequitur
881 2569 1055 2615 lasciva
1080 2568 1278 2630 capella,

144 2648 190 2680 te
217 2634 458 2696 Corydon,
484 2654 513 2682 o
536 2636 712 2683 Alexi:
752 2636 896 2683 trahit
923 2653 1003 2682 sua
1028 2652 1268 2710 quemque
1293 2635 1524 2695 voluptas.

145 2701 314 2764 aspice,
341 2715 487 2748 aratra
512 2703 621 2763 iugo
645 2704 860 2749 referunt
886 2720 1107 2765 suspensa
1132 2701 1338 2758 iuvenci,

145 2782 192 2815 et
217 2769 282 2814 sol
310 2782 570 2815 crescentes
596 2770 829 2816 decedens
855 2769 1069 2831 duplicat
1094 2769 1284 2815 umbras
1310 2785 1320 2813 :
