1866 3208
249 242 321 294 368
679 240 724 279 P.
754 238 989 277 VERGILI
1023 238 1280 276 MARoN1s

314 349 499 396 foedera
526 346 720 395 turbasti
747 358 888 409 teque
913 347 1026 392 haec
1051 345 1101 391 in
1126 345 1249 392 bella
1274 344 1459 400 dedisti,

314 429 361 463 et
386 432 514 462 nunc
541 414 831 476 nequiquam
856 412 977 458 fallis
1002 412 1102 459 dea.
1171 411 1253 458 sed
1277 410 1380 473 quis
1407 411 1620 473 Olympo

313 482 557 529 demissam
584 492 734 526 tantos
757 478 908 525 voluit
933 491 978 525 te
1004 479 1122 525 ferre
1146 479 1355 524 labores?

313 567 370 596 an
398 547 548 595 fratris
574 546 730 592 miseri
756 546 906 592 letum
933 558 984 592 ut
1011 546 1198 592 crudele
1223 544 1432 590 videres?

314 632 422 662 nam
443 613 558 677 quid
577 616 691 673 ago?
726 625 806 658 aut
823 629 941 674 quae
959 611 1050 658 iam
1071 611 1267 674 spondet
1283 611 1472 656 fortuna
1489 611 1717 657 salutem?

312 681 408 728 vidi
434 680 593 726 oculos
618 691 726 725 ante
753 679 851 741 ipse
876 695 1002 725 meos
1027 695 1102 725 me
1126 695 1241 724 voce
1265 689 1516 723 vocantem

316 749 618 804 Murranum,
645 763 738 808 quo
765 762 860 791 non
888 758 1071 807 superat
1095 744 1211 791 mihi
1239 743 1386 790 carior
1409 743 1541 801 alter,

313 826 532 876 oppetere
558 813 802 873 ingentem
827 825 967 874 atque
993 811 1172 872 ingenti
1197 810 1393 856 vulnere
1416 809 1615 857 victum.
1673 825 1735 863 640

313 880 487 927 occidit
512 879 684 925 infelix
711 895 770 925 ne
797 892 1008 924 nostrum
1034 878 1234 924 dedecus
1262 877 1417 923 Ufens

311 947 568 1009 aspiceret3
606 945 784 992 Teucri
811 945 1061 1007 potiuntur
1086 960 1278 1006 corpore
1304 955 1351 989 et
1375 942 1528 990 armis·

313 1013 586 1060 exscindine
612 1011 890 1058 domos—id
914 1011 1051 1057 rebus
1075 1011 1227 1057 defuit
1254 1027 1470 1056 unum—-

267 1113 269 1115 ·
312 1079 575 1143 perpetiar?
611 1079 771 1124 dextra
798 1095 884 1124 nec
912 1077 1115 1124 Drancis
1139 1077 1263 1123 dicta
1286 1076 1531 1122 refellam?

313 1160 437 1206 terga
466 1146 600 1201 dabo,
628 1157 674 1191 et
699 1145 923 1191 Turnum
950 1144 1210 1204 fugientem
1234 1145 1350 1190 haec
1376 1156 1495 1189 terra
1519 1141 1734 1188 videbit.
1723 1159 1735 1176 r

313 1229 460 1276 usque
486 1212 664 1258 adeone
691 1212 807 1257 mori
835 1211 1058 1257 miserum
1085 1214 1182 1257 est?
1249 1227 1328 1256 vos
1354 1227 1382 1255 0
1406 1209 1523 1255 mihi
1552 1209 1721 1255 Manes

313 1293 408 1326 este
434 1279 561 1336 boni,
589 1278 813 1341 quoniam
840 1277 1018 1339 superis
1042 1294 1195 1323 aversa
1217 1277 1448 1322 voluntas.

313 1359 470 1393 sancta
495 1345 552 1391 ad
575 1362 654 1391 vos
679 1345 834 1391 anima
861 1357 1002 1406 atque
1028 1343 1159 1389 istius
1185 1342 1331 1388 inscia
1356 1343 1523 1404 culpae

312 1413 608 1469 descendam,
669 1427 946 1472 magnorum
1005 1410 1131 1456 haud
1192 1425 1418 1472 umquam
1476 1408 1697 1469 indignus

445 1478 672 1525 avorum.’

379 1545 459 1592 vix
485 1562 536 1592 ea
562 1546 683 1592 fatus
710 1559 835 1592 erat:
874 1545 1051 1590 medios
1075 1545 1216 1599 volat,
1239 1560 1364 1601 ecce,
1384 1559 1467 1618 per
1491 1544 1646 1588 hostes
1676 1556 1738 1596 650

312 1625 474 1659 vectus
502 1629 624 1675 equo
650 1625 898 1687 spumante
927 1612 1075 1668 Saces,
1099 1611 1285 1657 adversa
1312 1609 1472 1670 sagitta

314 1679 495 1725 saucius
520 1696 614 1737 ora,
641 1678 829 1741 ruitque
855 1678 1096 1740 inplorans
1121 1677 1314 1723 nomine
1341 1676 1592 1722 Turnum:

281 1752 294 1773 ‘
315 1745 536 1801 Turne,
526 1763 574 1791 1n
602 1758 647 1790 te
674 1762 889 1806 suprema
915 1745 1064 1790 salus·
1052 1765 1066 1800 3
1103 1743 1321 1790 miserere
1348 1756 1552 1789 tuorum.

315 1812 537 1858 fulminat
562 1813 745 1857 Aeneas
771 1811 909 1856 armis
934 1826 1230 1872 summasque
1256 1809 1460 1854 minatur

313 1878 606 1924 deiecturum
632 1894 756 1923 arces
783 1877 957 1923 Italum
984 1875 1263 1938 excidioque
1289 1875 1539 1928 daturum;

314 1945 501 2007 iamque
528 1945 649 1990 faces
674 1944 733 1989 ad
758 1956 880 1990 tecta
905 1943 1082 1989 volant.
1151 1942 1200 1987 in
1227 1955 1271 1988 te
1298 1959 1376 1987 ora
1401 1941 1576 1996 Latini,

314 2012 362 2057 in
390 2024 433 2057 te
459 2010 618 2056 oculos
643 2010 886 2064 referunt3
922 2022 1093 2055 mussat
1116 2025 1197 2054 rex
1224 2008 1322 2069 ipse
1349 2007 1561 2064 Latinus,

314 2095 429 2140 quos
455 2093 648 2137 generos
674 2089 811 2122 vocet
837 2088 916 2122 aut
942 2092 1059 2138 quae
1086 2091 1182 2121 sese
1207 2075 1264 2120 ad
1290 2073 1476 2120 foedera
1502 2072 1677 2119 flectat.

312 2156 549 2206 praeterea
575 2143 750 2204 regina,
778 2143 845 2188 tui
875 2142 1108 2198 fidissima,
1135 2142 1294 2187 dextra

313 2211 489 2257 occidit
515 2210 612 2272 ipsa
639 2227 717 2256 sua
745 2210 997 2271 lucemque
1025 2209 1242 2254 exterrita
1268 2207 1403 2268 fugit.
1678 2220 1741 2252 660

315 2277 399 2323 soli
427 2295 511 2338 pro
536 2276 681 2338 portis
711 2277 955 2351 Messapus
983 2288 1028 2322 et
1052 2292 1158 2321 acer
1182 2274 1350 2322 Atinas

314 2356 576 2389 sustentant
602 2343 768 2389 aciem.
841 2342 1019 2388 circum
1045 2343 1128 2387 hos
1154 2341 1392 2402 utrimque
1416 2338 1671 2400 phalanges

315 2422 436 2456 stant
461 2409 647 2465 densae,
674 2409 941 2471 strictisque
969 2425 1094 2482 seges
1121 2406 1422 2453 mucronibus
1448 2406 1606 2489 hqrret

315 2476 488 2522 ferrea:
527 2488 576 2521 tu
604 2491 793 2521 currum
820 2474 1038 2520 deserto
1027 2491 1077 2519 1n
1102 2473 1308 2533 gramine
1334 2469 1512 2517 versas?

315 2541 541 2604 obstipuit
565 2540 687 2586 varia
713 2540 971 2587 confusus
959 2539 1161 2599 imagine
1186 2555 1339 2585 rerum

317 2610 530 2666 Turnus,
559 2621 606 2653 et
631 2607 801 2653 obtutu
829 2607 974 2653 tacito
1001 2606 1132 2652 stetit
1155 2626 1168 2661 ;
1205 2617 1383 2651 aestuat
1409 2604 1574 2664 ingens

317 2693 413 2722 uno
432 2675 482 2721 in
509 2674 647 2721 corde
673 2673 826 2736 pudor
850 2673 1096 2735 mixtoque
1122 2671 1304 2718 insania
1331 2671 1462 2718 luctu

781 2750 855 2802 635
888 2749 1010 2789 voluit
1030 2750 1201 2798 perferre.
