1866 3208
539 237 813 276 AENEIDOS
844 236 946 276 LIB.
977 236 1038 275 VI
1465 247 1538 288 215

111 352 181 398 his
208 351 345 397 dictis
370 364 507 396 curae
534 359 734 403 emotae,
762 348 1015 411 pulsusque
1041 364 1293 410 parumper

111 418 250 466 corde
277 417 411 464 dolor
436 413 586 470 tristi;
621 413 794 474 gaudet
821 414 1104 475 cognomine
1131 427 1298 461 terrae.

179 501 287 546 ergo
333 483 423 529 iter
470 481 717 543 inceptum
767 495 1000 543 peragunt
1056 481 1297 545 fluvioque
1346 480 1540 544 propin-

244 563 406 614 quant.

110 618 269 665 navita
296 633 410 693 quos
435 616 529 662 iam
554 614 665 660 inde
693 628 742 661 ut
771 615 929 676 Stygia
955 617 1195 678 prospexit
1221 615 1280 662 ab
1305 615 1430 662 unda

109 703 191 747 per
216 685 414 731 tacitum
440 699 605 729 nemus
631 681 698 728 ire
722 682 988 745 pedemque
1015 684 1258 730 advertere
1283 683 1429 746 ripae,

110 752 175 798 sic
203 752 329 826 prior
355 750 624 811 adgreditur
648 748 806 805 dictis,
833 763 974 812 atque
1001 750 1215 812 increpat
1242 751 1401 798 ultro:

110 818 321 882 quisquis
348 835 411 874 es,
437 830 640 863 armatus
667 816 747 891 qui
775 829 931 862 nostra
958 817 1015 863 ad
1041 816 1240 864 flumina
1267 817 1435 873 tendis,

110 886 206 931 fare
227 901 325 945 age,
345 884 459 947 quid
479 883 656 940 venias,
675 883 771 930 iam
792 883 952 940 istinc,
973 896 1018 930 et
1038 884 1298 959 comprime
1319 900 1543 946 gressum.

111 952 386 999 umbrarum
411 951 489 998 hic
518 951 648 997 locus
670 963 754 1007 est,
775 951 926 997 somni
954 951 1203 1015 noctisque
1224 968 1414 1014 soporae
1439 972 1451 1006 ;
1485 975 1546 1007 390

110 1036 304 1081 corpora
331 1018 437 1064 viva
464 1018 594 1064 nefas
623 1018 783 1080 Stygia
811 1031 998 1065 vectare
1025 1019 1201 1066 carina.

109 1103 196 1133 nec
223 1102 332 1132 vero
356 1085 563 1132 Alciden
589 1101 665 1131 me
692 1102 795 1131 sum
823 1085 1022 1132 laetatus
1048 1099 1242 1132 euntem

109 1153 344 1215 accepisse
370 1153 491 1209 lacu,
520 1169 606 1199 nec
635 1153 825 1199 Thesea
855 1152 1230 1216 Pirithoumque,

109 1220 178 1267 dis
203 1236 492 1283 quamquam
518 1219 666 1282 geniti
695 1232 835 1283 atque
863 1219 1031 1267 invicti
1057 1220 1235 1266 viribus
1263 1232 1432 1266 essent.

110 1287 396 1334 Tartareum
421 1287 503 1333 ille
530 1304 674 1333 manu
702 1287 947 1335 custodem
973 1287 1023 1333 in
1049 1287 1208 1334 vincla
1233 1287 1403 1350 petivit

108 1354 253 1416 ipsius
279 1372 304 1401 a
329 1354 445 1400 solio
470 1354 603 1415 regis,
631 1353 869 1418 traxitque
895 1368 1179 1401 trementem
1202 1375 1215 1411 3

108 1422 155 1468 hi
183 1421 426 1467 dominam
451 1421 577 1468 Ditis
604 1422 811 1468 thalamo
837 1422 1074 1468 deducere
1101 1420 1280 1468 adorti.'

109 1505 228 1552 quae
255 1501 419 1535 contra
446 1487 648 1535 breviter
674 1489 768 1535 fata
794 1502 861 1536 est
887 1489 1174 1551 Amphrysia
1200 1502 1329 1535 vates
1354 1508 1363 1535 :

110 1556 269 1602 nullae
295 1556 373 1602 hic
401 1556 600 1602 insidiae
626 1556 982 1603 tales—absiste
1008 1556 1257 1603 moveri—

109 1639 196 1669 nec
225 1623 321 1669 vim
348 1623 440 1670 tela
467 1623 625 1669 ferunt
649 1641 659 1670 ε
698 1623 811 1670 licet
837 1622 1002 1684 ingens
1029 1623 1199 1670 ianitor
1224 1636 1360 1670 antro
1486 1648 1548 1677 400

109 1703 352 1737 aeternum
379 1690 553 1736 latrans
579 1706 838 1751 exsangues
866 1703 1033 1737 terreat
1060 1690 1284 1736 umbras·
1270 1709 1285 1744 3

108 1771 233 1804 casta
260 1757 373 1803 licet
397 1757 551 1819 patrui
579 1770 730 1803 servet
739 1756 1034 1832 Proserpina
1062 1757 1225 1805 limen.

107 1825 282 1871 Tro‘sus
306 1825 509 1881 Aeneas,
533 1824 709 1886 pietate
735 1824 934 1886 insignis
961 1838 1007 1871 et
1032 1824 1187 1881 armis,

107 1891 166 1938 ad
189 1892 452 1953 genitorem
477 1892 594 1938 imas
622 1891 762 1938 Erebi
789 1892 1037 1938 descendit
1063 1892 1121 1938 ad
1148 1892 1351 1939 umbras,

107 1959 143 2005 si
169 1972 214 2005 te
241 1959 372 2005 nulla
398 1972 556 2006 movet
581 1971 739 2006 tantae
765 1958 953 2021 pietatis
979 1959 1152 2020 imago,

107 2039 152 2072 at
176 2042 360 2072 ramum
386 2026 515 2072 hunc
533 2024 768 2088 ’-—aperit
793 2043 992 2082 ramum,
1022 2026 1103 2089 qui
1131 2040 1259 2073 veste
1286 2026 1530 2072 latebat—

107 2091 390 2154 adgnoscas.²
461 2093 643 2140 tumida
669 2110 728 2140 ex
753 2093 818 2139 ira
846 2106 948 2140 tum
975 2093 1113 2140 corda
1139 2093 1366 2140 residunt.

106 2177 195 2207 nec
221 2160 355 2222 plura
381 2159 470 2207 his.
540 2160 622 2207 ille
649 2160 883 2207 admirans
910 2161 1184 2207 venerabile
1209 2160 1390 2207 donum

107 2227 260 2274 fatalis
286 2227 461 2289 virgae,
488 2227 630 2289 longo
654 2241 757 2290 post
784 2241 996 2289 ternpore
1021 2228 1192 2284 visum,

108 2295 374 2341 caeruleam
400 2295 600 2342 advertit
626 2294 826 2357 puppim
852 2295 1078 2358 ripaeque
1104 2294 1409 2357 propinquat.
1485 2319 1548 2348 410

107 2360 219 2407 inde
245 2362 357 2408 alias
383 2362 579 2418 animas,
608 2379 728 2425 quae
755 2379 838 2424 per
863 2362 972 2424 iuga
999 2363 1139 2423 longa
1167 2362 1410 2418 sedebant,

107 2427 338 2502 deturbat,
366 2429 589 2492 laxatque
615 2430 737 2476 foros
763 2448 772 2476 :
811 2429 951 2476 simul
978 2429 1155 2491 accipit
1181 2430 1315 2476 alveo

108 2493 351 2554 ingentem
375 2496 589 2544 Aenean.
660 2496 847 2572 gemuit
868 2496 955 2543 sub
979 2496 1190 2559 pondere
1217 2496 1391 2543 cumba

110 2560 276 2617 sutiliS,
304 2575 350 2608 et
374 2563 574 2610 multam
600 2564 788 2627 accepit
813 2563 982 2610 rimosa
1009 2564 1248 2626 paludem.

110 2627 303 2673 tandem
328 2641 453 2675 trans
479 2630 677 2677 fluvium
702 2631 966 2678 incolumes
992 2645 1245 2693 vatemque
1271 2630 1523 2691 virumque

109 2693 303 2740 informi
330 2694 446 2744 limo
470 2697 733 2761 glaucaque
759 2698 954 2760 exponit
979 2698 1029 2744 in
1057 2699 1181 2744 ulva.

685 2787 703 2824 3
711 2774 758 2824 83
789 2781 899 2814 terra.
