1861 3256
299 249 348 287 68
688 306 691 309 η
743 249 786 287 Ρ.
816 247 1049 286 VERGILI
1079 249 1336 287 MARONIS

363 354 539 400 iniusto
565 355 651 400 sub
677 354 798 399 fasce
823 353 948 400 viam
974 371 1083 401 cum
1109 355 1271 417 carpit,
1299 368 1345 402 et
1369 354 1490 401 hosti

361 424 476 467 ante
503 431 830 481 exspectatum
853 419 1014 482 positis
1039 433 1128 468 stat
1152 421 1201 467 in
1228 421 1416 482 agmine
1442 421 1617 468 castris,

334 486 408 534 '‘⁴at
434 504 547 543 non,
574 502 665 547 qua
692 486 912 547 Scythiae
937 500 1101 547 gentes
1127 488 1437 550 Maeotiaque
1461 487 1603 544 unda,

331 591 344 601 ,
363 553 578 600 turbidus
605 564 652 597 et
678 563 901 614 torquens
925 553 1153 600 flaventes
1182 554 1345 600 Hister
1367 555 1580 611 harenas,
1728 578 1789 609 350
1857 556 1861 629 1

362 634 548 681 quaque
573 617 697 663 redit
722 619 934 665 medium
960 620 1193 682 Rhodope
1219 632 1435 682 porrecta
1460 620 1545 665 sub
1571 636 1724 668 axem.

361 685 462 730 illic
490 684 647 730 clausa
670 697 839 731 tenent
864 686 1057 732 stabulis
1084 699 1310 744 armenta,
1338 702 1492 748 neque
1519 686 1644 732 ullae
1857 634 1861 792 ἱ

328 777 332 781 -
360 763 439 796 aut
463 750 636 796 herbae
663 768 831 814 campo
858 766 1084 814 apparent
1110 765 1190 799 aut
1216 753 1377 798 arbore
1404 752 1626 809 frondes3

360 816 444 863 sed
469 816 593 862 iacet
618 818 860 877 aggeribus
888 819 1038 865 niveis
1064 819 1280 865 informis
1308 832 1354 865 et
1380 819 1476 864 alto
1859 793 1861 904 ¹

361 896 481 928 terra
505 883 614 942 gelu
641 884 734 930 late
760 897 1039 948 septemque
1065 885 1271 946 adsurgit
1296 885 1345 931 in
1372 886 1507 931 ulnas
1534 903 1544 931 :
1860 921 1861 954 ¹

361 966 547 1011 semper
573 949 771 1012 hiemps,
799 968 982 1013 semper
1007 952 1245 1014 spirantes·
1265 952 1434 1012 frigora
1460 951 1619 998 Cauri.

361 1028 463 1062 tum
489 1016 557 1061 sol
584 1016 820 1078 pallentes
846 1017 972 1063 haud
998 1035 1222 1081 umquam
1249 1018 1442 1064 discutit
1468 1019 1668 1075 umbras,

361 1099 452 1128 nec
502 1099 611 1128 cum
654 1082 873 1129 invectus
914 1084 1042 1147 equis
1091 1085 1242 1131 altum
1289 1084 1411 1147 petit
1460 1086 1663 1142 aethera,
1700 1100 1788 1131 nec

498 1166 607 1195 cum

359 1216 674 1277 praecipitem
703 1216 889 1262 Oceani
917 1218 1056 1263 rubro
1083 1217 1197 1263 lavit
1223 1235 1426 1280 aequore
1452 1234 1658 1264 currum.

360 1295 680 1328 concrescunt
705 1283 888 1329 subitae
914 1284 1123 1329 currenti
1150 1284 1201 1329 in
1227 1283 1424 1330 flumine
1450 1297 1631 1330 crustae
1731 1298 1792 1338 360

359 1349 580 1410 undaque
607 1348 702 1395 iarn
730 1362 862 1410 tergo
888 1350 1081 1396 ferratos
1107 1349 1307 1396 sustinet
1331 1351 1479 1407 orbes,

359 1415 597 1476 puppibus
622 1415 706 1461 illa
733 1415 874 1477 prius,
901 1416 1073 1478 patulis
1100 1433 1228 1462 nunc
1255 1416 1441 1478 hospita
1465 1416 1712 1478 plaustris3

360 1498 561 1544 aeraque
587 1482 827 1528 dissiliunt
853 1483 994 1539 ultro,
1021 1495 1265 1545 vestesque
1291 1482 1529 1542 rigescunt

358 1548 566 1606 indutae,
594 1549 899 1612 caeduntque
926 1548 1164 1595 securibus
1191 1549 1348 1595 umida
1374 1549 1498 1607 vina,

360 1628 406 1660 et
433 1627 558 1661 totae
586 1615 787 1662 solidam
814 1616 863 1661 in
891 1615 1094 1675 glaciem
1120 1628 1305 1661 vertere
1331 1615 1545 1672 lacunae,

358 1681 582 1743 stiriaque
609 1681 794 1743 inpexis
821 1682 1038 1727 induruit
1065 1682 1253 1727 horrida
1279 1682 1446 1728 barbis.

359 1747 539 1793 interea
565 1760 664 1794 toto
692 1761 787 1794 non
816 1748 956 1794 setius
984 1755 1087 1795 aere
1113 1747 1329 1808 ninguit:

359 1814 603 1860 intereunt
628 1814 853 1876 pecudes,
882 1827 1008 1861 stant
1034 1814 1319 1861 circumfusa
1345 1815 1527 1877 pruinis

360 1897 552 1942 corpora
578 1897 748 1941 magna
775 1881 935 1938 boum,
964 1882 1280 1944 confertoque
1306 1882 1494 1942 agmine
1520 1881 1647 1928 cervi

360 1959 552 2008 torpent
577 1949 704 1993 mole
726 1965 848 1993 nova
875 1961 921 1995 et
947 1947 1140 1994 summis
1166 1948 1244 1993 vix
1266 1948 1483 1994 cornibus
1506 1960 1706 1994 exstant.
1733 1972 1794 2002 370

358 2015 443 2058 hos
470 2030 566 2059 non
593 2013 796 2060 inmissis
825 2014 1036 2072 canibus,
1065 2031 1161 2060 non
1189 2015 1392 2061 cassibus
1420 2014 1528 2060 ullis

362 2080 659 2126 Puniceaeve
686 2081 867 2141 agitant
894 2081 1087 2143 pavidos
1110 2081 1370 2127 formidine
1395 2080 1588 2143 pinnae,

360 2146 440 2192 sed
465 2147 635 2193 frustra
662 2147 933 2210 oppositum
964 2147 1209 2194 trudentes
1234 2160 1426 2210 pectore
1453 2159 1667 2193 montem

360 2213 627 2259 comminus
654 2214 943 2261 obtruncant
970 2215 1107 2270 ferro,
1136 2214 1432 2277 graviterque
1457 2213 1682 2260 rudentes

360 2279 583 2337 caedunt,
611 2293 657 2327 et
684 2297 855 2341 magno
883 2281 996 2327 laeti
1025 2281 1232 2327 clamore
1257 2292 1516 2342 reportant.

359 2344 446 2406 ipsi
474 2345 524 2391 in
551 2347 745 2393 defossis
773 2348 1005 2409 specubus
1032 2364 1194 2394 secura
1219 2347 1304 2393 sub
1331 2346 1423 2392 alta

360 2410 456 2457 otia
482 2426 627 2472 agunt
655 2426 791 2470 terra,
821 2426 1136 2475 congestaque
1161 2413 1327 2459 robora
1355 2425 1567 2474 totasque

361 2478 613 2524 advolvere
640 2479 756 2525 focis
784 2480 935 2525 ulmos
962 2479 1154 2542 ignique
1180 2479 1370 2525 dedere.

361 2544 440 2590 hic
469 2558 661 2591 noctem
688 2545 803 2591 ludo
828 2546 1028 2603 ducunt,
1057 2558 1103 2592 et
1126 2545 1300 2607 pocula
1326 2544 1438 2591 laeti

365 2611 602 2657 fermento
628 2624 769 2674 atque
797 2611 940 2657 acidis
965 2611 1212 2658 imitantur
1235 2611 1360 2657 vitea
1386 2611 1545 2659 sorbis,
1732 2624 1794 2664 380

235 2705 271 2726 ,e
366 2677 472 2724 talis
501 2678 820 2740 Hyperboreo
847 2691 1029 2740 septem
1057 2678 1265 2725 subiecta
1292 2677 1431 2725 trioni

903 2756 977 2805 369
1007 2756 1194 2794 confecto.
