1866 3208
269 255 344 302 346
717 253 760 290 P.
790 250 1024 289 VERGILI
1054 250 1312 288 MAR0N1s

333 360 508 408 cassida
533 378 547 412 ;
608 370 710 404 tum
783 372 997 403 croceam
1069 356 1465 419 chlamydemque
1534 355 1757 420 sinusque

469 437 716 486 crepantes

333 494 572 541 carbaseos
600 489 735 535 fulvo
761 489 811 535 in
837 489 1018 535 nodum
1044 491 1297 550 collegerat
1322 506 1448 544 auro,

332 560 486 623 pictus
514 573 599 603 acu
628 555 830 612 tunicaS,
859 569 905 602 et
931 556 1123 602 barbara
1149 555 1357 617 tegmina
1384 572 1590 602 crurum.

333 629 462 672 hunc
489 623 635 684 virgo,
664 623 760 668 sive
788 635 839 668 ut
867 622 1056 684 templis
1082 623 1355 685 praefigeret
1380 639 1506 668 arma

335 693 496 745 Troia,
525 689 716 751 captivo
744 689 839 734 sive
868 701 919 734 ut
946 705 991 735 se
1018 689 1160 735 ferret
1187 690 1235 734 in
1263 705 1389 746 auro,

335 756 550 804 venatrix
578 772 728 801 unum
758 771 814 800 ex
842 755 973 801 omni
1001 756 1259 802 certamine
1286 771 1470 817 pugnae
1704 770 1766 809 780

335 841 472 872 caeca
498 822 801 885 sequebatur,
827 832 1080 885 totumque
1106 823 1295 868 incauta
1322 838 1406 884 per
1431 838 1597 882 agmen

337 891 547 938 femineo
573 888 772 951 praedae
801 900 848 934 et
874 889 1136 950 spoliorum
1163 889 1353 935 ardebat
1379 905 1535 934 amore
1560 906 1570 934 ε

337 958 486 1004 telum
514 972 572 1002 ex
597 955 782 1001 insidiis
810 971 922 1001 cum
951 956 1144 1001 tandem
1172 969 1385 1017 tempore
1411 967 1550 1017 capto

337 1023 566 1079 concitat,
592 1035 639 1068 et
666 1038 858 1083 superos
885 1022 1065 1067 Arruns
1092 1022 1154 1068 sic
1182 1039 1297 1068 voce
1324 1034 1542 1083 precatur
1566 1039 1576 1068 :

306 1098 319 1117 ‘
338 1106 519 1137 summe
545 1089 709 1145 deum,
735 1088 884 1134 sancti
914 1101 1070 1134 custos
1099 1088 1301 1134 Soractis
1327 1087 1519 1150 Apollo,

339 1173 480 1220 quem
507 1155 646 1218 primi
676 1155 894 1211 colimus,
922 1154 998 1201 cui
1026 1154 1192 1216 pineus
1220 1155 1355 1200 ardor
1381 1171 1545 1201 acervo

339 1223 559 1287 pascitur,
589 1235 635 1268 et
662 1221 875 1267 medium
904 1221 1011 1267 freti
1040 1221 1211 1283 pietate
1238 1238 1319 1282 per
1344 1220 1502 1281 ignem

340 1291 545 1337 cultores
573 1289 725 1334 multa
753 1288 1014 1349 premimus
1042 1288 1237 1348 vestigia
1263 1304 1430 1350 pruna,

340 1358 416 1413 da,
441 1368 589 1418 pater,
616 1356 709 1400 hoc
738 1353 908 1400 nostris
937 1355 1111 1400 aboleri
1139 1355 1345 1400 dedecus
1371 1353 1526 1412 armis,

341 1423 662 1485 omnipotens.
735 1438 831 1467 non
860 1421 1065 1478 exuvias,
1093 1422 1315 1483 pulsaeve
1343 1432 1590 1482 tropaeum
1713 1444 1775 1476 790

342 1489 549 1551 virginis,
578 1501 659 1534 aut
687 1488 835 1550 spolia
865 1488 960 1534 ulla
986 1500 1098 1550 peto
1122 1509 1135 1544 3
1173 1487 1291 1533 mihi
1319 1500 1475 1534 cetera
1499 1487 1690 1533 laudem

343 1557 465 1603 facta
490 1556 647 1601 ferent
671 1575 683 1611 3
720 1556 837 1600 haec
866 1554 964 1600 dira
992 1571 1099 1600 meo
1125 1555 1239 1601 dum
1264 1555 1459 1601 vulnere
1483 1554 1627 1616 pestis

342 1624 475 1686 pulsa
503 1622 654 1678 cadat,
680 1621 853 1684 patrias
880 1622 1098 1667 remeabo
1126 1621 1351 1681 inglorius
1379 1618 1545 1667 urbes.'

344 1689 494 1736 audiit
520 1702 564 1734 et
591 1688 688 1733 voti
720 1689 941 1733 Phoebus
970 1688 1222 1734 succedere
1248 1701 1430 1750 partem

345 1768 505 1802 mente
531 1755 681 1810 dedit,
709 1767 889 1815 partem
918 1755 1134 1799 volucres
1161 1754 1376 1816 dispersit
1401 1753 1450 1799 in
1477 1770 1604 1800 auras
1630 1771 1639 1799 ;

345 1833 577 1868 sterneret
605 1833 657 1866 ut
684 1820 838 1866 subita
865 1821 1105 1865 turbatam
1133 1832 1282 1866 morte
1311 1820 1581 1877 Camillam,

346 1888 510 1935 adnuit
537 1887 686 1933 oranti
713 1907 726 1943 ;
762 1886 988 1932 reducem
1018 1899 1069 1932 ut
1094 1886 1244 1948 patria
1270 1887 1362 1932 alta
1387 1886 1582 1941 videret,

348 1972 443 2001 non
471 1953 620 2010 dedit,
645 1953 793 2015 inque
821 1953 978 1999 Notos
1005 1970 1173 1999 vocem
1200 1966 1380 1999 vertere
1405 1953 1656 2014 procellae.

348 2038 471 2082 ergo,
501 2033 552 2066 ut
578 2019 717 2065 missa
742 2036 887 2065 manu
915 2019 1126 2065 sonitum
1152 2020 1282 2065 dedit
1308 2021 1438 2065 hasta
1462 2036 1546 2081 per
1570 2036 1719 2075 auras,

349 2100 625 2135 convertere
653 2085 834 2132 animos
862 2103 989 2132 acres
1018 2086 1277 2148 oculosque
1304 2086 1454 2132 tulere
1720 2100 1782 2132 800

350 2154 513 2202 cuncti
542 2153 598 2199 ad
622 2153 834 2214 reginam
862 2152 1045 2199 Volsci.
1117 2153 1234 2199 nihil
1262 2152 1359 2214 ipsa
1385 2169 1538 2216 neque
1564 2169 1702 2198 aurae

352 2238 441 2268 nec
469 2221 651 2266 sonitus
679 2236 878 2278 memor,
906 2232 986 2265 aut
1011 2219 1248 2265 venientis
1276 2220 1332 2266 ab
1359 2221 1546 2266 aethere
1572 2219 1672 2275 teli,

353 2291 483 2334 hasta
509 2287 593 2333 sub
621 2299 854 2333 exsertam
882 2286 1036 2332 donec
1064 2286 1242 2348 perlata
1267 2286 1491 2348 papillam

352 2354 517 2409 haesit,
545 2353 908 2415 virgineumque
935 2353 1029 2398 alte
1055 2352 1176 2398 bibit
1201 2365 1304 2398 acta
1329 2368 1558 2398 cruorem.

355 2432 649 2467 concurrunt
678 2419 891 2480 trepidae
918 2418 1115 2464 comites
1142 2418 1481 2481 dominamque
1507 2431 1726 2464 ruentem

355 2486 646 2548 succipiunt.
718 2485 840 2544 fugit
867 2497 976 2530 ante
1003 2501 1166 2530 omnes
1194 2485 1442 2531 exterritus
1467 2486 1664 2542 Arruns,

356 2552 537 2600 laetitia
564 2551 813 2613 mixtoque
840 2564 987 2608 metu,
1016 2568 1102 2597 nec
1131 2551 1222 2597 iam
1250 2552 1450 2614 amplius
1477 2553 1635 2598 hastae

359 2620 568 2674 credere,
595 2634 682 2663 nec
711 2617 816 2663 telis
841 2634 1091 2663 occurrere
1116 2617 1308 2677 virginis
1336 2618 1493 2665 audet.

360 2703 411 2732 ac
440 2686 571 2731 velut
597 2684 696 2740 ille,
722 2683 847 2745 prius
873 2700 1013 2746 quam
1040 2684 1134 2730 tela
1159 2684 1353 2731 inimica
1379 2698 1649 2747 sequantur,

650 2760 721 2798 801
755 2773 861 2797 auras
883 2759 992 2812 (gen.)
1107 2761 1181 2798 806
1212 2761 1433 2811 suscipiunt.
