1866 3208
598 238 875 276 AENEIDOS
905 239 1008 277 LIB.
1038 238 1124 275 VII
1533 250 1611 289 237

182 350 495 412 Tyrrhenum
521 347 579 393 ad
598 346 837 408 Thybrim
866 361 911 393 et
937 347 1082 393 fontis
1103 347 1222 393 vada
1245 364 1373 393 sacra
1393 347 1611 396 Numici.

181 418 261 464 dat
287 416 374 463 tibi
399 427 637 478 praeterea
663 413 878 459 fortunae
904 432 1044 476 parva
1068 414 1234 477 prioris

182 500 391 540 munera,
417 480 636 543 reliquias
664 479 810 525 Troia
839 498 895 526 ex
923 482 1117 527 ardente
1142 494 1371 544 receptas,

181 552 271 596 hoc
296 562 431 611 pater
453 547 686 594 Anchises
713 564 823 593 auro
849 547 1029 594 libabat
1055 549 1113 594 ad
1139 566 1236 595 aras
1258 568 1272 603 ;

182 619 271 664 hoc
300 614 472 661 Priami
500 628 743 675 gestamen
771 627 884 671 erat,
913 631 1022 661 cum
1048 615 1148 661 iura
1174 616 1352 662 vocatis

180 699 306 729 more
332 682 464 728 daret
488 681 692 743 populiS‚
721 694 1055 744 sceptrumque
1082 699 1306 746 sacerque
1333 682 1469 730 tiaras

182 749 485 810 Iliadumque
511 749 640 794 labor
665 748 849 794 vestes)

247 815 420 862 talibus
447 815 620 861 Ilionei
649 814 788 861 dictis
815 814 968 860 defixa
993 815 1191 862 Latinus

180 883 349 930 obtutu
378 895 511 929 tenet
536 899 628 939 ora,
657 882 853 945 soloque
878 882 1122 928 inmobilis
1147 884 1325 941 haeret,
1555 908 1617 938 250

179 951 387 997 intentos
412 950 608 995 volvens
635 950 814 996 oculos.
887 966 975 996 nec
1001 967 1207 1012 purpura
1233 967 1393 1012 regem

178 1018 308 1081 picta
331 1030 509 1083 movet,
538 1033 627 1063 nec
655 1030 840 1079 sceptra
866 1030 1061 1063 movent
1089 1017 1320 1064 Priamel'a
1348 1032 1550 1076 tantum,

179 1097 411 1148 quantum
438 1084 488 1130 in
515 1084 724 1131 conubio
749 1098 887 1131 natae
914 1084 1219 1146 thalamoque
1244 1098 1456 1130 moratur
1478 1106 1491 1141 ;

179 1165 226 1199 et
249 1151 420 1198 veteris
445 1151 596 1198 Fauni
622 1151 773 1197 volvit
799 1151 886 1197 sub
909 1164 1102 1213 pectore
1129 1165 1300 1198 sortem
1326 1170 1336 1197 z

128 1275 133 1281 ἱ
176 1220 308 1266 hunc
334 1218 473 1265 illum
500 1218 608 1265 fatis
635 1232 830 1266 externa
857 1218 914 1264 ab
941 1218 1048 1264 sede
1073 1218 1343 1280 profectum

176 1285 398 1349 portendi
425 1303 669 1347 generum,
694 1286 979 1348 paribusque
1001 1285 1050 1330 in
1076 1301 1218 1345 regna
1243 1285 1402 1331 vocari

179 1353 394 1416 auspiciis
417 1374 431 1410 ;
469 1353 580 1399 huic
607 1353 883 1415 progeniem
909 1352 1083 1398 virtute
1110 1352 1319 1398 futuram

178 1420 425 1480 egregiam,
454 1433 500 1466 et
526 1433 681 1466 totum
709 1437 829 1482 quae
855 1419 1032 1465 viribus
1059 1432 1264 1481 occupet
1289 1420 1467 1466 orbem.

177 1487 371 1533 tandem
398 1488 547 1533 laetus
575 1487 637 1532 ait
662 1505 671 1532 :
713 1491 724 1510 ‘
741 1486 788 1532 di
816 1499 973 1532 nostra
1000 1485 1193 1548 incepta
1219 1487 1501 1544 secundent,

178 1554 523 1616 auguriumque
549 1570 684 1600 suum
709 1554 716 1601 l
757 1553 963 1611 dabitur,
993 1553 1219 1610 Troiane,
1248 1554 1376 1616 quod
1402 1567 1534 1616 optas
1556 1574 1569 1610 3

177 1638 374 1667 munera
400 1638 488 1666 nec
516 1638 698 1683 sperno.
770 1638 868 1666 non
894 1620 1041 1678 vobis,
1068 1637 1176 1681 rege
1202 1620 1391 1678 Latino,
1555 1636 1613 1667 261

177 1687 335 1734 divitis
363 1689 477 1734 uber
503 1688 596 1748 agri
625 1686 862 1734 Troiaeve
888 1687 1133 1749 opulentia
1159 1687 1325 1734 deerit.

175 1754 274 1817 ipse
301 1755 442 1801 modo
466 1755 672 1812 Aeneas,
698 1754 843 1800 nostri
869 1754 905 1800 si
934 1768 1064 1801 tanta
1091 1754 1268 1817 cupido
1296 1768 1379 1812 est,

176 1821 212 1867 si
238 1821 370 1882 iungi
396 1821 604 1883 hospitio
629 1834 852 1884 properat
879 1821 1127 1885 sociusque
1153 1821 1325 1880 vocari,

175 1888 413 1943 adveniat,
440 1889 599 1935 vultus
627 1906 749 1936 neve
776 1890 1077 1936 exhorrescat
1103 1888 1291 1936 amicos·

173 1973 278 2018 pars
303 1955 422 2002 mihi
448 1956 577 2018 pacis
605 1956 707 2014 erit,
736 1956 952 2002 dextram
979 1956 1188 2017 tetigisse
1214 1956 1417 2017 tyranni.

175 2040 255 2069 vos
281 2036 445 2069 contra
471 2023 568 2083 regi
594 2040 700 2070 mea
728 2040 856 2069 nunc
885 2023 1107 2069 mandata
1133 2024 1319 2070 referte.

175 2103 244 2137 est
269 2089 387 2136 mihi
416 2104 541 2148 nata,
568 2090 670 2136 viro
695 2090 845 2151 gentis
873 2107 1016 2152 quam
1043 2090 1239 2150 iungere
1266 2103 1450 2136 nostrae

175 2174 272 2204 non
297 2156 452 2220 patrio
480 2174 536 2203 ex
563 2157 702 2218 adyto
729 2171 890 2214 sortes,
920 2174 1016 2203 non
1043 2157 1248 2219 plurima
1273 2157 1404 2203 caelo

174 2238 378 2270 monstra
403 2223 566 2270 sinunt
589 2245 602 2280 ;
638 2239 830 2284 generos
857 2223 1062 2269 externis
1089 2224 1249 2270 adfore
1275 2224 1333 2269 ab
1359 2223 1519 2269 oris—
1553 2248 1615 2280 270

174 2291 264 2338 hoc
290 2291 430 2337 Latio
454 2305 626 2337 restare
652 2290 983 2353 canunt—qui
1011 2291 1236 2351 sanguine
1263 2304 1475 2337 nostrum

177 2374 353 2404 nomen
378 2357 429 2404 in
456 2372 573 2404 astra
600 2358 769 2405 ferant.
841 2359 971 2404 hunc
998 2357 1137 2404 illum
1163 2374 1353 2420 poscere
1379 2358 1476 2404 fata

181 2437 226 2470 et
250 2441 367 2482 reor,
396 2438 457 2481 et,
486 2425 520 2471 si
548 2425 664 2488 quid
687 2425 785 2471 veri
812 2442 948 2472 mens
974 2439 1186 2486 augurat,
1213 2423 1358 2488 opto.'

177 2492 293 2537 haec
318 2492 501 2550 effatus,
527 2509 670 2556 equos
697 2510 897 2539 numero
924 2506 1059 2555 pater
1085 2492 1218 2554 eligit
1242 2492 1371 2538 omni
1399 2511 1408 2538 :

178 2557 363 2604 stabant
387 2571 459 2606 ter
483 2573 679 2607 centum
705 2560 846 2606 nitidi
873 2560 923 2606 in
949 2560 1254 2623 praesepibus
1282 2559 1387 2606 altis
1413 2578 1422 2605 ε

178 2624 397 2671 omnibus
421 2627 665 2689 extemplo
691 2627 898 2674 Teucris
924 2627 1058 2674 iubet
1083 2627 1249 2673 ordine
1275 2626 1385 2672 duci

177 2690 395 2738 instratos
420 2705 543 2739 ostro
567 2693 776 2755 alipedes
803 2693 1035 2756 pictisque
1062 2693 1232 2756 tapetis
1256 2715 1268 2750 3

716 2771 794 2819 264
822 2771 1004 2811 sociusve.
