1861 3256
233 275 306 312 174
683 265 727 302 Ρ.
756 263 989 302 VERGILI
1019 265 1276 304 MARONIS

305 371 451 418 saevit
476 387 620 426 arnor,
647 384 912 431 magnoque
937 369 1107 416 irarum
1132 369 1332 417 fluctuat
1357 382 1502 418 aestu.

303 437 367 484 sic
393 437 511 483 adeo
536 434 725 491 insistit,
752 451 1006 498 secumque
1032 436 1097 482 ita
1122 437 1264 483 corde
1289 438 1473 483 volutat
1497 455 1508 484 ε

271 509 285 529 ⁴
302 520 377 561 en,
404 501 520 564 quid
545 504 666 561 ago?
701 517 918 547 rursusne
943 519 1109 564 procos
1134 503 1274 549 inrisa
1297 502 1473 565 priores

305 568 532 631 experiar,
560 566 933 630 Nomadumque
958 582 1119 630 petam
1144 569 1348 616 conubia
1374 570 1588 632 supplex,

303 652 418 698 quos
446 650 530 694 ego
556 633 643 679 sim
669 633 843 679 totiens
870 634 963 680 iam
988 635 1241 696 dedignata
1267 635 1494 682 maritos?

302 702 470 749 Iliacas
495 699 638 760 igitur
663 700 828 746 classes
853 713 994 763 atque
1019 701 1185 747 ultima
1211 702 1458 749 Teucrum

303 769 424 814 iussa
449 770 651 830 sequar?
686 766 860 829 quiane
886 767 1062 813 auxilio
1087 768 1218 814 iuvat
1243 782 1353 815 ante
1379 769 1574 826 levatos,

305 848 352 880 et
376 835 500 880 bene
527 834 652 895 apud
678 850 908 879 memores
936 834 1105 880 veteris
1129 848 1219 881 stat
1244 835 1388 895 gratia
1414 835 1528 882 facti
1549 839 1565 881 ?

304 901 407 963 quis
432 917 507 946 me
533 913 707 957 autern,
735 900 808 946 fac
835 900 977 957 velle,
1004 900 1142 958 sinet,
1169 901 1405 948 ratibusve
1430 902 1642 964 superbis
1668 926 1727 955 540

304 967 503 1013 invisam
529 966 768 1028 accipiet?
805 966 956 1012 nescis
979 968 1088 1025 heu,
1115 968 1314 1030 perdita,
1342 969 1550 1015 necdum

304 1033 690 1079 Laomedonteae
717 1033 860 1078 sentis
886 1033 1090 1095 periuria
1115 1034 1305 1095 gentis?

305 1100 420 1163 quid
446 1102 585 1146 tum?
620 1100 717 1144 sola
744 1099 852 1160 fuga
879 1113 1043 1146 nautas
1069 1101 1332 1147 comitabor
1355 1105 1587 1148 ovantes?

305 1184 364 1212 an
390 1166 543 1228 Tyriis
569 1165 798 1228 omnique
825 1183 966 1212 manu
994 1167 1164 1229 stipata
1190 1184 1406 1215 meorum

305 1233 494 1290 inferar,
523 1246 584 1290 et,
611 1249 726 1295 quos
754 1232 946 1278 Sidonia
971 1233 1050 1279 vix
1077 1234 1191 1279 urbe
1218 1234 1400 1291 revelli,

304 1317 458 1346 rursus
486 1316 614 1360 agam
640 1299 823 1361 pelagO,
853 1312 898 1344 et
923 1300 1077 1346 ventis
1104 1300 1214 1346 dare
1240 1301 1345 1346 vela
1370 1300 1584 1347 iubebo?

305 1367 421 1429 quin
448 1383 646 1422 morere,
673 1379 724 1411 ut
750 1365 916 1411 merita
944 1383 1005 1423 es,
1033 1366 1253 1428 ferroque
1279 1380 1438 1413 averte
1463 1367 1692 1414 dolorem.

307 1448 357 1479 tu
383 1432 587 1479 lacrimis
614 1431 766 1478 evicta
792 1432 923 1488 meiS,
952 1445 1001 1478 tu
1027 1433 1179 1494 prima
1206 1433 1448 1479 furentem

306 1500 392 1557 his,
419 1516 656 1560 germana,
683 1499 817 1544 malis
843 1515 1022 1556 oneras,
1051 1512 1192 1561 atque
1218 1499 1364 1545 obicis
1390 1499 1530 1546 hosti.

308 1583 404 1612 non
431 1566 568 1612 licuit
594 1565 787 1612 thalami
816 1578 1059 1627 expertem
1085 1566 1186 1611 sine
1212 1566 1410 1612 crimine
1435 1566 1582 1612 vitam
1675 1590 1735 1620 550

307 1633 492 1694 degere,
520 1649 649 1679 more
675 1633 817 1689 ferae,
847 1633 962 1678 tales
989 1649 1077 1678 nec
1107 1644 1297 1693 tangere
1323 1650 1487 1688 curas;

308 1717 404 1745 non
432 1713 609 1745 servata
635 1699 765 1755 fides,
792 1699 940 1744 cineri
968 1698 1192 1760 promissa
1221 1699 1466 1761 Sychae0.'

309 1779 464 1812 tantos
488 1766 572 1811 illa
597 1782 679 1811 suo
704 1765 954 1839 rumpebat
978 1778 1174 1826 pectore
1200 1778 1405 1828 questus,

371 1834 557 1878 Aeneas
583 1831 742 1877 celsa
731 1848 781 1876 ln
806 1830 971 1893 puppi,
999 1831 1092 1877 iam
1118 1845 1272 1878 certus
1299 1832 1460 1890 eundi,

307 1900 531 1961 carpebat
557 1915 758 1955 somnos,
785 1897 960 1943 rebus
949 1915 1042 1943 lam
1068 1898 1155 1944 rite
1181 1899 1369 1961 paratis.

307 1966 418 2012 huic
445 1982 493 2012 se
519 1966 668 2011 forma
694 1964 770 2010 dei
796 1964 932 2010 vultu
958 1964 1202 2011 redeuntis
1228 1965 1394 2012 eodem

306 2032 483 2078 obtulit
507 2032 557 2077 in
584 2031 772 2088 somnis,
799 2048 1048 2094 rursusque
1074 2031 1140 2077 ita
1163 2032 1259 2078 visa
1284 2048 1480 2078 monere
1507 2044 1590 2088 est,

306 2099 467 2145 omnia
495 2097 740 2144 Mercurio
766 2097 943 2154 similis,
969 2115 1234 2160 vocemque
1259 2099 1563 2160 coloremque

310 2178 356 2213 et
382 2165 536 2212 crines
560 2164 702 2211 flavos
729 2177 775 2210 et
800 2164 1012 2210 membra
1038 2165 1208 2211 decora
1233 2165 1456 2211 iuventa:

309 2246 419 2278 nate
444 2233 547 2290 dea,
572 2245 706 2294 potes
732 2232 822 2277 hoc
848 2231 932 2277 sub
958 2248 1066 2278 casu
1093 2232 1265 2278 ducere
1291 2234 1508 2278 somnos?
1676 2245 1737 2283 560

309 2315 414 2355 nec,
442 2315 561 2361 quae
588 2312 634 2344 te
661 2298 842 2344 circum
869 2311 996 2344 stent
1021 2298 1197 2344 deinde
1222 2298 1449 2360 pericula,
1476 2296 1644 2354 cernis,

308 2365 519 2421 demenS,
546 2381 635 2410 nec
663 2365 912 2426 Zephyros
938 2364 1070 2410 audis
1095 2364 1267 2426 spirare
1293 2363 1554 2410 secundos?

309 2431 392 2476 illa
417 2431 550 2476 dolos
569 2430 824 2505 dirumque
851 2430 1021 2476 nefas
1010 2448 1060 2476 1n
1085 2444 1280 2504 pectore
1304 2442 1473 2487 versat,

309 2510 436 2544 certa
463 2496 597 2554 mori,
623 2497 867 2558 variosque
892 2495 1065 2542 irarum
1092 2496 1303 2542 concitat
1328 2509 1495 2542 aestuS.

312 2580 408 2609 non
435 2562 553 2624 fugis
583 2562 696 2609 hinc
722 2579 959 2624 praeceps,
986 2563 1100 2608 dum
1125 2561 1436 2624 praecipitare
1462 2565 1698 2624 potestas?

311 2631 405 2676 iam
429 2646 557 2675 mare
583 2629 756 2676 turbari
782 2629 1005 2686 trabibus,
1033 2645 1282 2692 saevasque
1307 2628 1491 2675 videbis

312 2697 550 2743 collucere
576 2696 717 2753 faceS‚
744 2695 836 2741 iam
863 2695 1047 2742 fervere
1073 2695 1213 2741 litora
1238 2694 1455 2752 flammis,

302 2786 371 2824 541
406 2773 574 2811 inrisam.
634 2783 708 2823 552
739 2772 907 2822 Sychaei.
967 2773 1042 2823 564
1073 2773 1246 2822 varioque
1276 2802 1284 2811 .
1316 2802 1325 2811 .
1356 2801 1366 2812 .
1396 2772 1555 2810 fluctuat
1575 2779 1690 2810 aestu.
