1861 3256
602 260 879 300 AENEIDos
908 259 1012 300 LIB.
1040 260 1104 300 111
1537 273 1607 311 149

176 383 223 417 et
249 369 353 416 salis
376 367 577 416 Ausonii
603 368 904 414 lustrandum
930 369 1128 417 navibus
1154 387 1330 433 aequor

174 437 448 500 infernique
473 436 602 482 lacus
625 435 910 497 Aeaeaeque
936 435 1091 483 insula
1118 437 1303 495 Circae,

174 521 315 567 quam
342 517 442 550 tuta
466 502 608 565 possis
635 502 802 548 urbem
829 518 1120 565 componere
1148 517 1281 551 terra.

173 571 304 632 signa
329 571 415 617 tibi
442 570 613 627 dicam,
641 582 692 615 tu
718 569 914 615 condita
941 584 1104 617 mente
1130 584 1294 618 teneto
1318 589 1328 618 :

173 655 283 684 cum
311 637 398 684 tibi
424 636 630 684 sollicito
657 635 825 682 secreti
852 636 910 682 ad
937 635 1147 684 fluminis
1174 639 1350 684 undam

171 704 353 751 litoreis
379 704 545 765 ingens
571 703 768 750 inventa
794 703 879 749 sub
907 703 1097 750 ilicibus
1123 722 1195 751 sus
1548 727 1610 760 390

171 771 366 832 triginta
394 771 607 833 capitum
632 770 756 817 fetus
786 770 925 816 enixa
952 770 1143 829 iacebit,

170 839 291 895 alba,
318 839 417 884 solo
444 838 688 895 recubans,
715 837 811 883 albi
840 837 1023 884 circum
1051 839 1196 884 ubera
1222 838 1338 896 nati,

168 905 206 951 is
233 905 364 951 locus
392 904 517 951 urbis
546 904 648 962 erit,
675 904 861 967 requies
892 922 944 951 ea
969 918 1098 951 certa
1124 905 1354 952 laborum.

170 989 260 1018 nec
289 985 340 1018 tu
366 989 636 1018 mensarum
664 988 844 1017 morsus
872 973 1092 1018 horresce
1118 972 1297 1019 futuros
1323 991 1334 1019 ε

169 1039 266 1085 fata
295 1038 421 1085 viam
447 1038 699 1085 invenient
725 1038 974 1102 aderitque
1002 1053 1194 1086 vocatus
1219 1040 1413 1102 Apollo.

168 1107 250 1152 has
277 1119 438 1152 autem
465 1118 608 1152 terras
634 1105 841 1168 Italique
869 1107 994 1152 hanc
1024 1106 1174 1152 litoris
1200 1123 1344 1164 oram,

168 1172 384 1235 proxima
409 1190 529 1235 quae
555 1172 701 1219 nostri
728 1173 1037 1235 perfunditur
1063 1173 1278 1236 aequoris
1305 1185 1450 1230 aestu,

170 1239 324 1300 effuge
349 1258 359 1286 ε
397 1253 571 1286 cuncta
596 1239 732 1286 malis
760 1240 1037 1287 habitantur
1062 1240 1253 1286 moenia
1281 1239 1434 1286 Grais.

168 1306 247 1352 hic
277 1319 323 1352 et
348 1306 547 1368 Narycii
572 1321 831 1369 posuerunt
859 1307 1048 1354 moenia
1073 1307 1215 1354 Locri

171 1386 217 1419 et
244 1373 532 1420 Sallentinos
558 1374 744 1420 obsedit
770 1374 926 1421 milite
953 1391 1142 1437 campos
1548 1397 1610 1427 400

170 1439 367 1502 Lyctius
393 1440 683 1487 Idomeneus
709 1459 718 1487 :
756 1441 835 1487 hic
864 1441 948 1487 illa
973 1441 1108 1488 ducis
1134 1439 1372 1488 Meliboei

168 1524 311 1570 parva
339 1507 638 1554 Philoctetae
665 1508 866 1554 subnixa
893 1508 1076 1555 Petelia
1102 1525 1254 1555 muro.

169 1574 285 1637 quin
313 1574 393 1620 ubi
422 1574 716 1621 transmissae
744 1574 964 1621 steterint
990 1588 1115 1622 trans
1141 1592 1342 1638 aequora
1369 1575 1551 1631 classes,

169 1654 217 1688 et
241 1641 406 1704 positis
433 1641 518 1688 aris
543 1641 635 1687 iam
662 1655 772 1688 vota
796 1642 846 1687 in
874 1642 1014 1688 litore
1040 1642 1208 1698 solves,

166 1725 405 1771 purpureo
430 1709 585 1755 velare
611 1725 770 1755 comas
798 1708 1048 1771 adopertus
1074 1708 1269 1766 amictu,

167 1792 229 1822 ne
256 1793 346 1839 qua
373 1775 499 1822 inter
523 1788 708 1821 sanctos
734 1775 868 1836 ignes
893 1775 943 1821 in
969 1776 1151 1822 honore
1177 1775 1373 1822 deorum

165 1842 349 1889 hostilis
375 1842 521 1889 facies
549 1855 766 1889 occurrat
794 1855 841 1888 et
866 1842 1028 1889 omina
1055 1843 1231 1890 turbet.

165 1911 294 1956 hunc
322 1909 436 1957 socii
462 1926 645 1956 morem
675 1926 929 1968 sacrorum,
957 1911 1087 1957 hunc
1114 1909 1215 1973 ipse
1241 1922 1419 1966 teneto,

164 1978 255 2024 hac
282 1977 397 2024 casti
423 1989 651 2024 maneant
676 1976 727 2022 in
755 1976 989 2039 religione
1015 1990 1227 2039 nepoteS.

165 2057 234 2090 ast
259 2044 340 2091 ubi
367 2044 627 2106 digressum
657 2044 845 2090 Siculae
875 2057 921 2090 te
949 2044 1215 2091 admoverit
1241 2061 1349 2091 orae
1547 2067 1609 2097 410

163 2124 348 2170 ventus,
377 2124 426 2158 et
451 2111 633 2172 angusti
660 2125 902 2159 rarescent
927 2112 1127 2158 claustra
1153 2110 1326 2169 Pelori,

164 2178 297 2225 laeva
323 2179 410 2225 tibi
438 2179 578 2226 tellus
607 2191 653 2224 et
679 2179 822 2240 longo
851 2179 981 2225 laeva
1005 2191 1230 2241 petantur

164 2262 364 2309 aequora
390 2245 627 2302 circuitu3
664 2245 889 2292 dextrum
917 2246 1026 2307 fuge
1055 2245 1168 2292 litus
1193 2258 1240 2292 et
1265 2245 1430 2292 undaS.

165 2313 282 2359 haec
309 2314 415 2360 loca
441 2313 487 2359 vi
515 2313 758 2376 quondam
788 2327 835 2360 et
861 2326 988 2360 vasta
1016 2313 1245 2360 convulsa
1269 2312 1473 2359 ruina—

166 2392 351 2427 tantum
376 2381 478 2428 aevi
506 2380 766 2443 longinqua
791 2381 918 2427 valet
943 2393 1127 2427 mutare
1153 2393 1430 2427 vetustas—

165 2445 419 2495 dissiluisse
445 2449 623 2506 ferunt,
652 2464 763 2494 cum
789 2447 1004 2510 protinus
1032 2460 1229 2511 utraque
1257 2448 1399 2494 tellus

166 2529 260 2558 una
285 2513 406 2560 foret
430 2533 440 2561 ε
476 2514 611 2562 venit
636 2514 796 2561 medio
821 2515 868 2561 vi
893 2528 1067 2577 pontus
1095 2528 1142 2562 et
1167 2515 1306 2561 undis

167 2579 457 2640 Hesperium
485 2580 645 2628 Siculo
670 2581 792 2628 latus
819 2582 1037 2640 abscidit,
1065 2599 1268 2645 arvaque
1296 2594 1344 2629 et
1369 2582 1506 2628 urbes

166 2645 306 2691 litore
332 2645 544 2693 diductas
571 2661 767 2708 angusto
792 2648 1013 2695 interluit
1037 2662 1184 2696 aestu.

165 2712 388 2758 dextrum
415 2713 572 2775 Scylla
598 2714 732 2772 latus,
759 2715 950 2762 laevum
976 2715 1215 2778 inplacata
1242 2712 1509 2776 Charybdis
1540 2736 1605 2767 420

166 2778 366 2837 obsidet,
393 2792 534 2842 atque
559 2779 658 2826 imo
683 2781 889 2828 barathri
916 2795 987 2828 ter
1011 2781 1195 2842 gurgite
1220 2794 1372 2827 vastos
