1861 3256
240 212 290 274 56
526 227 528 230 ·
687 212 730 250 P.
760 210 995 249 VERGILI
1025 211 1284 252 MARONIS

252 276 271 347 Β
304 319 435 378 felix,
462 319 542 383 qui
567 317 720 381 potuit
744 334 899 364 rerum
925 335 1208 380 cognoscere
1234 337 1407 377 causas,
1666 347 1731 380 490

304 399 444 449 atque
471 398 624 432 metus
650 400 814 430 omnes
840 396 886 430 et
909 385 1201 433 inexorabile
1227 388 1377 433 fatum

301 453 501 500 subiecit
525 451 723 513 pedibus
749 451 1088 515 strepitumque
1113 453 1398 499 Acherontis
1425 453 1563 500 avari.

302 521 566 566 fortunatus
592 529 639 563 et
662 516 762 573 ille,
786 517 896 564 deos
921 519 999 581 qui
1026 520 1159 566 novit
1184 533 1391 580 agrestes,

305 586 524 646 Panaque
553 583 893 647 Silvanumque
918 602 1079 632 senem
1106 586 1449 648 Nymphasque
1475 602 1664 634 sorores.

300 652 438 697 illum
465 660 561 695 non
574 649 792 725 ‘populi-
778 651 936 708 fasces,
964 669 1062 698 non
1087 670 1294 714 purpura
1315 668 1482 713 regum

300 716 433 763 flexit
459 729 505 763 et
529 716 698 762 infidos
723 716 899 777 agitans
924 718 1152 764 discordia
1178 719 1357 774 fratres,

300 796 379 830 aut
405 782 650 829 coniurato
675 783 964 830 descendens
990 785 1148 832 Dacus
1173 785 1230 830 ab
1255 785 1435 843 Histro,

300 867 395 896 non
421 866 491 894 res
517 850 756 896 Romanae
781 850 1082 914 perituraqie
1105 869 1279 912 regna:
1319 868 1473 914 neque
1498 852 1579 898 ille

300 929 381 963 aut
406 915 559 962 doluit
583 916 806 962 miserans
832 917 1025 980 inopem
1052 931 1131 964 aut
1156 918 1330 964 invidit
1355 917 1564 966 habenti.

299 999 413 1046 quos
440 982 555 1028 rami
582 983 774 1038 fructuS,
802 1001 915 1045 quos
941 984 1037 1046 ipsa
1063 985 1270 1031 volentia
1294 1002 1402 1031 rura
1666 1009 1729 1039 500

300 1062 466 1112 sponte
494 1049 644 1095 tulere
671 1066 766 1106 sua,
793 1050 977 1112 carpsit,
1004 1068 1094 1097 nec
1121 1051 1305 1097 ferrea
1294 1069 1394 1097 1ura

297 1117 612 1178 insanumque
640 1116 793 1162 forum
819 1129 897 1162 aut
922 1117 1087 1179 populi
1113 1118 1338 1164 tabularia
1361 1118 1493 1165 vidit.
1569 1134 1603 1156 κ’

299 1183 560 1229 sollicitant
587 1182 664 1228 alii
691 1182 832 1228 remis
858 1183 974 1229 freta
999 1201 1154 1241 caeca,
1181 1198 1418 1248 ruuntque

297 1250 347 1295 in
374 1250 569 1305 ferrum,
595 1262 849 1312 penetrant
875 1251 1000 1296 aulas
1027 1263 1074 1296 et
1099 1251 1264 1296 limina
1291 1268 1455 1311 regum
1478 1271 1492 1307 3

297 1316 375 1362 hic
402 1315 522 1377 petit
549 1315 742 1361 excidiis
769 1316 935 1362 urbem
960 1317 1244 1378 miserosque
1272 1317 1487 1374 Penates,

296 1396 349 1429 ut
374 1399 558 1443 gemma
585 1382 712 1428 bibat
738 1395 786 1428 et
813 1383 1010 1429 Sarrano
1034 1383 1235 1429 dormiat
1260 1397 1383 1448 ostro
1406 1404 1420 1439 3

296 1449 460 1495 condit
485 1466 595 1511 opes
621 1449 736 1495 alius
763 1449 1038 1523 defossoque
1064 1449 1258 1495 incubat
1284 1467 1395 1495 auro
1417 1470 1431 1506 ;

297 1516 373 1562 hic
401 1528 558 1578 stupet
585 1516 810 1562 attonitus
835 1516 1029 1562 rostris·
1017 1553 1031 1572 ,
1068 1518 1197 1562 hunc
1224 1516 1412 1578 plausus
1437 1512 1650 1562 hiantem

293 1599 378 1645 per
404 1599 577 1628 cuneos
603 1583 864 1643 geminatus
891 1583 1019 1629 enim
1044 1583 1286 1657 plebisque
1311 1596 1592 1645 patrumque

295 1648 558 1711 corripuit;
594 1649 802 1708 gaudent
827 1649 1002 1710 perfusi
1030 1649 1254 1709 sanguine
1282 1649 1494 1705 fratrum,
1666 1673 1729 1702 510

296 1715 534 1789 exilioque
561 1715 723 1761 domos
749 1728 795 1761 et
821 1715 980 1761 dulcia
1005 1715 1172 1761 limina
1195 1728 1382 1760 mutant

295 1795 434 1844 atque
460 1782 550 1827 alio
576 1782 774 1844 patriam
801 1795 1036 1844 quaerunt
1061 1782 1147 1827 sub
1173 1782 1267 1827 sole
1294 1782 1546 1828 iacentem.

295 1848 532 1908 agricola
522 1865 720 1894 lncurVO
746 1862 919 1894 terram
945 1848 1146 1894 dimovit
1172 1862 1356 1894 aratro:

294 1916 409 1961 hinc
438 1914 720 1971 anni-labor,
746 1915 859 1960 hinc
887 1915 1084 1976 patriam
1111 1931 1373 1978 parvosque
1401 1927 1596 1976 nepotes

294 1982 509 2038 sustinet,
534 1982 646 2027 hinc
674 1995 885 2027 armenta
909 1982 1054 2027 boum
1080 1981 1363 2044 meritosque
1389 1980 1630 2028 iuvencos.

293 2065 381 2094 nec
408 2048 603 2112 requies,
631 2048 747 2110 quin
775 2060 853 2094 aut
878 2047 1028 2110 pomis
1056 2048 1282 2094 exuberet
1307 2064 1458 2093 annus

294 2129 373 2161 aut
398 2116 497 2161 fetu
524 2132 753 2177 pecorum
779 2128 859 2161 aut
886 2114 1095 2160 Cerealis
1121 2114 1320 2174 mergite
1351 2113 1515 2170 culmi,

293 2191 621 2244 proventuque
648 2195 811 2228 oneret
837 2181 989 2227 sulcos
1015 2194 1155 2243 atque
1181 2182 1348 2226 horrea
1373 2180 1549 2226 vincat.

294 2249 426 2294 venit
452 2249 637 2310 hiemps
659 2267 669 2295 :
709 2248 875 2294 teritur
903 2247 1124 2309 Sicyonia
1149 2248 1264 2292 baca
1289 2246 1494 2308 trapetis,

293 2315 463 2376 glande
490 2332 590 2360 sues
615 2315 723 2360 laeti
751 2315 967 2371 redeunt,
994 2314 1108 2359 dant
1134 2314 1297 2358 arbuta
1323 2313 1464 2358 silvae
1487 2332 1500 2367 ;
1662 2335 1726 2365 520

293 2380 513 2427 etvarios
540 2381 674 2441 ponit
703 2381 824 2426 fetus
851 2394 1121 2435 autumnus,
1148 2393 1192 2425 et
1219 2380 1309 2425 alte

293 2447 419 2493 mitis
444 2447 492 2492 in
521 2446 685 2508 apricis
713 2447 932 2509 coquitur
957 2446 1197 2491 vindemia
1221 2445 1352 2491 saxis.

291 2514 470 2560 interea
495 2513 659 2558 dulces
718 2513 895 2558 endent
922 2512 1103 2557 circum
1128 2512 1286 2557 oscula
1311 2510 1422 2568 nati,

294 2593 415 2626 casta
441 2530 726 2641 pudicitiaxg
747 2591 897 2624 servat
923 2579 1107 2634 domus,
1133 2578 1274 2623 ubera
1300 2594 1469 2623 vaccae

293 2647 441 2693 lactea
465 2646 738 2701 demittunt,
766 2646 1058 2707 pinguesque
1085 2644 1133 2690 in
1161 2633 1375 2704 gramine
1396 2644 1520 2689 laeto

839 2733 914 2772 514
944 2723 1116 2760 Penates.
