1866 3208
538 241 813 279 AENEIDos
843 240 948 279 ΜΒ.
978 240 1040 277 XI
1464 252 1538 289 327

114 352 206 397 fata
230 362 398 396 vocant
421 367 432 395 ε
471 348 592 393 salve
619 360 864 393 aeternum
890 346 1023 403 mihi,
1050 345 1253 392 maxime
1282 345 1427 401 Palla,

114 431 451 477 aeternumque
475 413 609 460 vale.'
681 430 770 460 nec
796 415 932 476 plura
958 414 1121 460 effatus
1149 413 1204 458 ad
1231 412 1345 458 altos

115 483 336 531 tendebat
360 498 518 527 muros
543 497 845 543 gressumque
872 480 920 526 in
949 494 1094 527 castra
1120 479 1315 526 ferebat.

179 551 366 611 iamque
391 561 595 594 oratores
620 548 811 593 aderant
837 564 894 593 ex
921 547 1034 593 urbe
1062 546 1246 604 Latina,
1483 571 1542 592 100

113 616 251 664 velati
277 615 414 661 ramis
440 616 583 672 oleae,
611 614 894 677 veniamque
921 628 1136 675 rogantes
1161 632 1170 660 :

113 700 320 745 corpora,
344 700 428 745 per
454 699 638 744 campos
664 682 787 728 ferro
813 699 931 744 quae
957 681 1057 727 fusa
1083 681 1318 738 iacebant,

111 750 340 806 redderet,
367 767 418 795 ac
447 749 634 795 tumulo
661 749 834 795 sineret
860 748 1112 794 succedere
1139 762 1286 794 terrae
1311 768 1324 804 ;

112 818 301 864 nullum
329 834 439 862 cum
466 816 601 863 victis
628 829 867 862 certamen
896 829 942 861 et
968 817 1156 861 aethere
1183 815 1316 861 cassis
1340 836 1352 872 ;

111 898 322 947 parceret
346 884 609 945 hospitibus
636 883 875 946 quondam
903 883 1164 945 socerisque
1190 883 1381 929 vocatis.

112 968 227 1014 quos
253 951 404 997 bonus
427 952 627 1006 Aeneas,
655 950 796 996 haud‘
809 948 1095 1013 aspernanda
1118 964 1382 1012 precantes,

111 1019 411 1081 prosequitur
435 1018 586 1075 venia,
615 1031 662 1064 et
688 1017 841 1064 verbis
867 1019 981 1063 haec
1009 1017 1201 1078 insuper
1227 1017 1356 1063 addit
1382 1035 1391 1062 :

113 1102 344 1149 quaenam
371 1102 451 1131 Vos
479 1097 613 1132 tanto
638 1085 830 1131 fortuna
854 1084 1068 1145 indigna,
1094 1084 1273 1139 Latini,

112 1152 338 1215 inplicuit
363 1153 508 1209 bello,
535 1152 615 1215 qui
644 1170 727 1198 nos
755 1151 943 1213 fugiatis
969 1151 1179 1197 amicos?

112 1236 278 1282 pacem
305 1236 380 1265 me
408 1219 638 1266 exanimis
667 1233 713 1265 et
741 1219 913 1265 Martis
939 1232 1061 1264 sorte
1085 1218 1345 1280 peremptis
1487 1242 1547 1264 110

112 1287 286 1333 oratis?
324 1287 546 1349 equidem
574 1300 620 1332 et
647 1286 762 1331 vivis
791 1286 1053 1332 concedere
1079 1286 1271 1332 vellem.

113 1371 201 1400 nec
228 1354 356 1410 veni,
381 1354 470 1399 nisi
497 1354 592 1399 fata
618 1355 778 1400 locum
805 1353 1060 1415 sedemque
1086 1353 1344 1399 dedissent.

112 1438 201 1467 nec
229 1421 410 1467 bellum
435 1437 546 1467 cum
573 1434 714 1481 gente
740 1437 848 1480 gero
873 1439 882 1467 :
920 1437 1000 1466 rex
1029 1433 1186 1466 nostra
1210 1419 1405 1482 reliquit

112 1487 331 1550 hospitia,
358 1501 404 1533 et
431 1487 591 1533 Turni
616 1488 775 1550 potius
801 1505 847 1533 se
874 1487 1076 1534 credidit
1102 1486 1255 1534 armis.

113 1555 307 1617 aequius
333 1554 446 1601 huic
474 1554 700 1600 Turnum
727 1555 879 1600 fuerat
906 1571 952 1600 se
978 1571 1216 1617 opponere
1243 1553 1400 1600 morti.

113 1622 148 1667 si
176 1622 358 1668 bellum
386 1621 520 1667 finire
546 1638 706 1676 manu,
734 1621 769 1667 si
795 1622 975 1683 pellere
1003 1621 1219 1668 Teucros

111 1702 314 1762 apparat,
342 1688 411 1733 his
437 1705 629 1735 mecum
657 1688 820 1735 decuit
846 1705 1130 1735 concurrere
1157 1688 1261 1735 telis
1289 1709 1302 1744 ;

111 1755 255 1813 vixet,
284 1755 361 1801 cui
388 1755 532 1801 vitam
559 1755 674 1801 deus
702 1769 781 1801 aut
807 1772 887 1801 sua
912 1755 1077 1802 dextra
1102 1755 1322 1802 dedisset.

111 1839 241 1869 nunc
268 1822 348 1878 ite,
379 1835 425 1868 et
451 1822 630 1868 miseris
657 1822 912 1884 supponite
939 1822 1157 1869 civibus
1146 1822 1336 1883 1gnem.'

111 1890 295 1935 dixerat
319 1890 520 1937 Aeneas.
592 1889 663 1936 illi
691 1890 960 1952 obstipuere
988 1889 1197 1947 silentes,
1491 1915 1550 1935 120

114 1955 423 2019 conversique
450 1957 611 2003 oculos
639 1956 764 2003 inter
790 1973 835 2003 se
862 1970 1004 2020 atque
1030 1975 1107 2003 ora
1133 1957 1377 2004 tenebant.

112 2036 215 2069 tum
242 2023 395 2069 senior
421 2040 701 2086 semperque
729 2024 846 2070 odiis
875 2037 921 2070 et
948 2024 1149 2070 crimine
1176 2025 1390 2071 Drances

112 2089 326 2136 infensus
352 2090 513 2137 iuveni
542 2091 715 2137 Turno
743 2091 805 2137 sic
832 2108 909 2137 ore
934 2091 1142 2137 vicissim

113 2174 213 2203 orsa
238 2157 382 2203 refert
407 2176 417 2203 z
455 2162 468 2182 ‘
485 2175 512 2203 o
538 2157 664 2204 fama
690 2158 873 2218 ingens,
899 2157 1137 2218 ingentior
1163 2158 1317 2215 armiS‚

113 2224 183 2269 vir
209 2223 437 2281 Troiane,
463 2224 633 2287 quibus
661 2226 792 2271 caelo
820 2239 864 2271 te
891 2225 1107 2271 laudibus
1134 2229 1370 2288 aequem?

115 2291 385 2338 iustitiaene
411 2292 541 2354 prius
568 2292 726 2348 mirer,
757 2292 934 2338 belline
961 2292 1212 2339 laborum?

115 2375 198 2404 nos
222 2376 335 2405 vero
359 2360 474 2405 haec
502 2359 700 2421 patriam
729 2360 844 2421 grati
873 2361 1129 2407 referemus
1156 2361 1212 2406 ad
1239 2360 1417 2415 urbem,

118 2438 164 2470 et
188 2438 250 2481 te,
277 2425 313 2472 si
342 2443 433 2489 qua
458 2426 582 2473 viam
609 2427 791 2474 dederit
817 2428 1020 2484 fortuna,
1047 2427 1221 2474 Latino

116 2491 364 2551 iungemus
389 2493 501 2554 regi.
573 2508 763 2557 quaerat
789 2494 875 2540 sibi
902 2495 1093 2541 foedera
1121 2496 1332 2541 Turnus.

119 2557 235 2619 quin
262 2571 308 2604 et
334 2560 495 2606 fatales
521 2577 764 2608 murorum
792 2563 1008 2609 attollere
1034 2563 1201 2619 moles,
1491 2585 1550 2614 130

119 2641 318 2686 saxaque
344 2626 616 2674 subvectare
643 2628 816 2674 umeris
845 2629 1055 2675 Troiana
1080 2628 1291 2675 iuvabit.'

119 2690 303 2737 dixerat
328 2692 462 2748 haec,
488 2710 679 2756 unoque
709 2711 873 2741 omnes
899 2696 1063 2741 eadem
1089 2712 1168 2741 ore
1194 2695 1478 2740 fremebant.

532 2770 603 2807 126
634 2771 840 2811 iustitiane.
896 2772 1076 2810 laborem.
