1861 3256
558 234 865 272 BUCOLICA:
897 234 1013 273 ECL.
1041 235 1060 271 1
1550 247 1571 285 3

141 341 374 404 Hyblaeis
400 341 564 403 apibus
589 340 754 386 florem
780 341 972 403 depasta
996 342 1146 389 salicti

139 426 277 471 saepe
303 408 396 455 levi
423 424 642 454 somnum
669 408 883 453 suadebit
909 408 1027 455 inire
1053 409 1235 456 susurro
1259 428 1269 456 :

138 476 251 522 hinc
279 476 372 522 alta
397 476 480 521 sub
506 491 622 537 rupe
650 488 787 521 canet
813 475 1053 522 frondator
1079 477 1138 522 ad
1161 493 1289 523 auras
1313 496 1327 532 ;

138 560 228 589 nec
255 556 415 588 tamen
441 542 624 588 interea
646 559 829 599 raucae,
858 555 938 588 tua
963 560 1089 601 cura,
1115 544 1362 605 palumbes

138 626 227 656 nec
254 626 441 670 gemere
468 608 588 655 aeria
615 608 814 655 cessabit
840 622 992 655 turtur
1018 611 1073 656 ab
1100 611 1248 657 ulmo.

212 677 266 723 T.
305 690 413 723 ante
439 677 566 722 leves
594 692 700 736 ergo
726 689 979 738 pascentur
1004 676 1054 722 in
1082 694 1285 740 aequore
1312 676 1454 735 cervi,

137 758 184 790 et
209 744 326 790 freta
351 743 613 790 destituent
639 743 789 789 nudos
817 743 867 788 in
894 743 1035 789 litore
1059 744 1212 806 pisces
1239 764 1252 799 ;
1533 758 1575 790 60

136 824 246 856 ante
272 811 515 873 pererratis
542 811 788 856 amborum
815 810 988 857 finibus
1015 811 1146 856 exsul

135 891 216 924 aut
239 878 426 924 Ararim
455 877 652 924 Parthus
677 877 809 924 bibet
836 891 915 924 aut
942 878 1202 924 Germania
1229 878 1435 939 Tigrim,

135 962 279 1008 quam
305 958 463 990 nostro
489 945 616 990 illius
643 945 827 991 labatur
853 958 1047 1007 pectore
1073 946 1247 993 vultus,

205 1012 280 1059 M.
318 1025 364 1058 at
390 1029 472 1058 nos
498 1012 611 1058 hinc
640 1012 718 1058 alii
748 1012 962 1058 sitientes
989 1012 1162 1059 ibimus
1188 1013 1344 1069 Afros,

132 1097 238 1142 pars
265 1079 510 1141 Scythiam
537 1093 582 1125 et
606 1079 826 1142 rapidum
855 1094 1009 1126 cretae
1035 1080 1283 1127 veniemus
1309 1078 1484 1130 Oaxen

135 1160 182 1194 et
206 1146 396 1209 penitus
424 1160 524 1192 toto
550 1147 722 1192 divisos
750 1147 861 1193 orbe
890 1147 1160 1194 Britannos.

134 1231 193 1260 en
220 1230 447 1277 umquam
472 1213 646 1276 patrios
673 1215 816 1274 longo
842 1227 948 1277 post
976 1228 1188 1276 tempore
1215 1214 1347 1272 fines,
1429 1274 1433 1279 ⁸

131 1281 350 1344 pauperis
376 1294 423 1328 et
449 1281 604 1341 tuguri
633 1295 913 1341 congestum
941 1282 1148 1344 caespite
1175 1282 1370 1328 culmen

131 1362 237 1411 post
262 1349 457 1411 aliquot,
485 1365 591 1394 mea
616 1365 757 1409 regna
785 1349 965 1405 videns,
994 1349 1202 1395 mirabor
1228 1348 1385 1395 aristas
1406 1351 1422 1394 ἓ

132 1415 290 1478 inpius
317 1417 431 1462 haec
459 1429 555 1462 tam
582 1416 712 1462 culta
737 1416 924 1462 novalia
951 1416 1086 1462 miles
1112 1416 1308 1462 habebit
1330 1419 1347 1461 ?
1534 1439 1574 1469 70

132 1482 352 1529 barbarus
378 1484 457 1528 has
483 1487 697 1543 segetes?
737 1500 795 1529 en
824 1501 917 1546 quo
945 1483 1178 1530 discordia
1204 1483 1330 1529 cives

130 1550 356 1624 produxit
381 1549 572 1596 miseros
597 1551 605 1597 Ξ
646 1551 717 1596 his
745 1567 829 1596 nos
857 1550 1158 1596 consevimus
1184 1566 1311 1610 agros
1334 1550 1343 1597 !

131 1617 282 1663 insere
308 1634 455 1673 nunc,
484 1617 747 1672 Meliboee,
777 1617 940 1679 piros·
927 1653 941 1670 ,
978 1634 1105 1679 pone
1131 1616 1297 1662 ordine
1323 1616 1458 1664 vites.

131 1684 195 1729 ite
222 1701 374 1740 meae,
400 1684 516 1730 felix
543 1684 783 1746 quondam
810 1700 971 1746 pecus,
1000 1683 1065 1729 ite
1093 1684 1322 1746 capellae.

130 1768 226 1796 non
255 1767 339 1811 ego
364 1768 444 1796 vos
470 1753 666 1813 posthac
694 1750 833 1797 viridi
861 1750 1102 1813 proiectus
1127 1750 1178 1796 in
1205 1764 1338 1797 antro

130 1819 326 1864 dumosa
350 1818 558 1880 pendere
586 1818 751 1880 procul
779 1818 839 1864 de
865 1835 981 1880 rupe
1007 1818 1215 1865 videbo·
1202 1854 1217 1872 ,

130 1885 338 1932 carmina
364 1886 496 1931 nulla
522 1902 688 1932 canam
711 1905 726 1939 3
763 1902 876 1943 non,
904 1902 980 1931 me
1006 1899 1248 1948 pascente,
1274 1885 1505 1948 capellae,

129 1951 378 1999 florentem
405 1953 611 2014 cytisum
638 1966 684 1999 et
710 1952 873 1998 salices
901 1953 1104 2015 carpetis
1131 1970 1321 1999 amaras.

204 2020 257 2067 T.
305 2020 384 2066 hic
433 2033 593 2066 tamen
640 2021 762 2066 hanc
807 2036 998 2066 mecum
1041 2034 1225 2082 poteras
1273 2020 1569 2083 requiescere

263 2100 456 2133 noctem

131 2154 295 2200 fronde
322 2171 459 2216 super
483 2153 622 2200 viridi
647 2173 657 2201 ;
695 2167 804 2201 sunt
829 2154 963 2200 nobis
989 2154 1124 2201 mitia
1150 2171 1306 2217 poma,
1530 2168 1571 2200 80

131 2234 373 2267 castaneae
399 2221 569 2268 molles
597 2235 644 2268 et
668 2221 810 2284 pressi
838 2221 975 2283 copia
1001 2221 1134 2268 lactis
1157 2242 1170 2278 ;

132 2301 179 2334 et
203 2288 297 2334 iam
323 2305 506 2334 summa
529 2289 698 2351 procul
725 2289 946 2334 villarum
973 2288 1185 2335 culmina
1211 2289 1414 2346 fumant,

130 2355 420 2419 maioresque
447 2356 626 2403 cadunt
651 2356 757 2402 altis
781 2356 841 2402 de
867 2356 1109 2403 montibus
1136 2356 1347 2403 umbrae.

699 2466 745 2515 65
779 2467 927 2504 Cretae.
