1866 3208
581 245 859 283 AENEIDos
888 244 993 283 LIB.
1022 244 1128 282 v111
1528 245 1604 294 267

174 355 254 402 ille
282 354 405 401 inter
430 353 625 400 caedem
652 352 941 398 Rutulorum
968 353 1150 415 elapsus
1176 352 1227 398 in
1254 368 1382 412 agros

173 422 444 482 confugere,
472 432 519 466 et
545 419 705 465 Turni
732 419 979 466 defendier
1003 419 1200 482 hospitis
1227 418 1381 465 armis.

175 506 281 549 ergo
308 487 461 533 omnis
488 486 622 532 furiis
648 486 851 532 surrexit
878 487 1066 532 Etruria
1092 487 1224 532 iustis
1247 505 1260 540 ;

171 572 327 615 regem
353 554 411 599 ad
436 553 724 616 supplicium
750 554 984 615 praesenti
1013 554 1174 600 Marte
1200 566 1471 615 reposcunt.

169 622 240 668 his
270 638 355 682 ego
382 634 443 679 te,
469 622 648 678 Aenea,
675 620 924 666 ductorem
951 620 1143 666 milibus
1172 621 1357 667 addam.

172 702 270 735 toto
296 705 504 751 namque
530 688 744 734 fremunt
771 687 1040 733 condensae
1067 687 1206 734 litore
1234 704 1430 749 puppes,

171 755 397 818 signaque
424 756 546 801 ferre
572 755 777 808 iubent3
814 754 988 800 retinet
1015 754 1270 815 longaevus
1295 755 1531 816 haruspex

170 823 263 868 fata
291 839 466 868 canens
493 841 502 869 ε
543 826 615 867 “o
643 821 899 867 Maeoniae
925 821 1111 867 delecta
1138 821 1377 877 iuventus,

169 889 252 935 flos
272 904 489 936 veterum
508 890 752 951 virtusque
768 888 938 945 virum,
957 906 1072 951 quos
1094 888 1243 935 iustus
1265 889 1314 936 in
1337 892 1522 936 hostem
1548 913 1610 942 500

170 957 262 1002 fert
287 957 420 1002 dolor
446 969 492 1003 et
517 956 687 1003 merita
715 956 938 1002 accendit
966 956 1239 1003 Mezentius
1266 958 1350 1014 ira,

170 1024 292 1069 nulli
319 1024 386 1069 fas
414 1024 537 1070 Italo
562 1037 742 1070 tantam
769 1023 1060 1084 subiungere
1086 1038 1278 1084 gentem
1304 1043 1313 1070 :

171 1104 390 1137 externos
417 1105 578 1153 optate
605 1090 799 1137 duces.'’
873 1103 975 1137 tum
1002 1091 1200 1137 Etrusca
1225 1091 1400 1137 resedit

169 1159 258 1204 hoc
286 1158 408 1204 acies
435 1175 620 1220 camp0,
648 1157 842 1204 monitis
871 1157 1094 1204 exterrita
1120 1158 1300 1205 divom.

169 1225 268 1287 ipse
294 1239 500 1272 oratores
527 1225 584 1271 ad
611 1242 687 1271 me
713 1225 942 1288 regnique
969 1242 1195 1271 coronam

171 1309 281 1339 cum
309 1307 490 1354 sceptro
516 1292 644 1338 misit
671 1292 963 1355 mandatque
989 1291 1194 1353 insignia
1222 1293 1471 1350 Tarchon,

171 1360 423 1405 succedam
451 1359 608 1406 castris
636 1359 989 1422 Tyrrhenaque
1015 1376 1162 1420 regna
1187 1376 1442 1422 capessam.

171 1426 252 1472 sed
278 1426 396 1472 mihi
425 1427 554 1472 tarda
581 1426 689 1488 gelu
717 1426 977 1489 saeclisque
1005 1427 1146 1472 effeta
1172 1440 1390 1472 senectus

171 1493 354 1539 invidet
379 1494 633 1556 imperium
659 1510 881 1556 seraeque
908 1493 968 1539 ad
992 1493 1129 1539 fortia
1153 1493 1289 1541 vires.

172 1574 338 1606 natum
367 1562 651 1617 exhortarer,
681 1560 730 1606 ni
758 1561 934 1607 mixtus
961 1574 1111 1607 matre
1140 1560 1326 1607 Sabella
1549 1567 1612 1614 51'0

170 1627 284 1674 hinc
309 1642 495 1690 partem
522 1628 702 1690 patriae
730 1628 952 1674 traheret.
1025 1640 1094 1684 tu,
1121 1628 1255 1674 cuius
1285 1642 1331 1674 et
1359 1628 1496 1674 annis

172 1708 217 1741 et
242 1694 403 1756 generi
431 1695 525 1741 fata
551 1694 823 1755 indulgent,
849 1711 993 1757 quem
1020 1694 1220 1740 numina
1245 1709 1466 1757 poscunt,

171 1761 436 1822 ingredere,
456 1779 484 1807 o
506 1762 756 1808 Teucrum
778 1774 920 1824 atque
942 1762 1119 1808 Italum
1141 1762 1393 1809 fortissime
1421 1763 1608 1811 ductor.

152 1830 299 1875 'hunc
329 1828 415 1875 tibi
442 1842 698 1891 praeterea,
729 1846 829 1890 spes
856 1841 903 1875 et
928 1828 1103 1875 solacia
1131 1829 1295 1886 nostri,

173 1896 388 1942 Pallanta
416 1896 672 1957 adiungam
695 1917 709 1953 ;
747 1895 835 1942 sub
861 1908 907 1943 te
934 1896 1136 1942 tolerare
1162 1897 1384 1958 magistro

170 1962 394 2010 militiam
421 1976 467 2010 et
493 1980 630 2024 grave
661 1963 832 2011 Martis
860 1980 992 2026 opus,
1020 1976 1101 2010 tua
1128 1980 1320 2010 cernere
1348 1965 1474 2010 facta

172 2030 430 2086 adsuescat,
455 2030 621 2093 primis
647 2043 694 2077 et
722 2043 767 2077 te
793 2030 995 2077 miretur
1021 2031 1078 2077 ab
1106 2030 1257 2078 annis.

169 2097 376 2144 Arcadas
402 2097 515 2144 huic
543 2098 724 2160 equites
751 2097 821 2144 bis
849 2110 1062 2155 centum,
1089 2098 1256 2144 robora
1279 2098 1416 2160 pubis

171 2164 312 2222 lecta,
339 2164 478 2223 dabo,
505 2165 804 2228 totidemque
832 2182 916 2211 suo
942 2164 1029 2211 tibi
1056 2181 1256 2211 munere
1285 2165 1465 2213 Pallas.’

238 2231 318 2278 vix
345 2248 398 2278 ea
425 2232 546 2278 fatus
574 2245 689 2290 erat,
718 2231 958 2295 defixique
985 2249 1064 2278 ora
1088 2232 1320 2279 tenebant
1548 2258 1610 2286 520

171 2300 356 2346 Aeneas
379 2299 693 2347 Anchisiades
720 2313 765 2346 et
791 2298 911 2345 fidus
936 2300 1158 2357 Achates,

173 2367 420 2430 multaque
446 2366 563 2413 dura
588 2384 672 2431 suo
698 2367 819 2414 tristi
848 2383 960 2413 cum
988 2366 1130 2413 corde
1155 2367 1403 2430 putabant,

174 2432 223 2477 ni
249 2433 436 2494 signum
462 2434 597 2481 caelo
624 2434 868 2497 Cytherea
895 2433 1100 2482 dedisset
1126 2448 1303 2497 aperto.

174 2515 377 2562 namque
402 2501 641 2564 inproviso
664 2502 874 2548 vibratus
901 2504 958 2548 ab
985 2502 1174 2549 aethere
1201 2502 1358 2563 fulgor

175 2582 285 2611 cum
310 2567 467 2614 sonitu
492 2568 641 2626 venit,
670 2582 717 2615 et
742 2585 878 2616 ruere
906 2569 1066 2616 omnia
1090 2569 1188 2615 visa
1213 2583 1428 2632 repente,

175 2631 555 2709 Tyrrhenusque
581 2636 722 2682 tubae
749 2636 932 2697 mugire
958 2653 1042 2699 per
1067 2638 1258 2683 aethera
1286 2636 1493 2695 clangor.

176 2698 469 2761 suspiciunt3
498 2700 668 2748 iterum
679 2715 820 2765 atque
831 2716 1006 2749 iterum
1026 2703 1202 2763 fragor'
1190 2715 1404 2764 1ncrepat
1421 2701 1604 2762 ingens.

537 2792 614 2829 492
645 2783 785 2820 caedes.
899 2793 973 2832 519
1004 2782 1174 2821 nomine.
