1866 3208
546 226 821 265 AENEIDOS
852 227 956 265 LIB.
985 227 1025 263 X
1463 241 1536 277 317

104 352 299 400 quosne,
324 335 469 391 nefaS‚
497 349 659 378 omnes
687 332 917 379 infanda
906 351 956 380 m
983 347 1132 380 morte
1158 334 1344 396 reliqui,

102 415 149 450 et
174 419 303 449 nunc
329 401 535 463 palantes
561 399 715 456 video,
740 400 1065 476 gemitumque
1091 401 1347 447 cadentum

102 469 314 532 accipio?
384 466 500 530 quid
524 470 639 527 ago?
677 480 757 512 aut
784 485 900 529 quae
927 469 1019 514 iam
1047 468 1152 514 satis
1177 468 1271 514 ima
1295 467 1504 515 dehiscat

103 550 225 584 terra
250 533 400 580 mihi?
470 551 550 579 vos
575 550 602 579 ο
627 533 780 595 potius
808 534 1112 592 miserescite,
1140 535 1303 591 venti3

101 604 151 650 in
177 619 327 664 rupes,
355 601 405 647 in
431 600 768 647 saxa—volens
793 618 873 646 vos
900 602 1097 648 Turnus
1125 602 1331 648 adoro—

103 670 221 716 ferte
247 682 410 726 ratem,
438 668 677 730 saevisque
704 667 832 713 vadis
860 667 1089 715 inmittite
1118 669 1276 730 Syrtis,

103 753 198 800 quo
222 752 376 798 neque
403 751 479 781 me
507 734 693 792 Rutuli,
720 751 808 780 nec
837 735 1026 781 conscia
1053 735 1176 782 fama
1200 736 1450 799 sequatur.’

102 805 215 850 haec
242 819 523 859 memorans,
550 801 708 848 animo
733 818 863 847 nunc
890 803 1001 859 huc,
1028 819 1157 849 nunc
1185 802 1383 850 fluctuat
1407 804 1543 858 illuc,

102 887 160 917 an
186 887 280 916 sese
306 886 533 916 mucrone
561 869 620 915 ob
647 882 834 916 tantum
861 869 1065 915 dedecus
1093 886 1252 916 amens
1481 884 1539 915 681

102 937 281 995 induat,
309 950 354 983 et
380 936 578 983 crudum
605 953 688 998 per
716 949 861 982 costas
888 936 1043 996 exigat
1069 953 1261 994 ensem;

102 1004 323 1051 fluctibus
350 1021 406 1050 an
434 1001 572 1050 iaciat
599 1003 780 1058 mediis,
809 1016 855 1049 et
882 1003 1020 1050 litora
1047 1004 1204 1050 nando

102 1088 243 1119 curva
268 1084 410 1133 petat,
440 1071 785 1133 Teucrumque
812 1070 985 1117 iterum
1012 1088 1058 1117 se
1084 1070 1283 1117 reddat
1272 1087 1322 1116 1n
1349 1087 1487 1117 arma.

101 1152 171 1185 ter
196 1152 389 1185 conatus
417 1151 664 1200 utramque
690 1138 845 1194 viam3
882 1150 953 1184 ter
978 1137 1182 1184 maxima
1209 1138 1332 1184 Iuno

103 1205 355 1262 continuit,
383 1205 703 1267 iuvenemque
731 1204 876 1250 animi
903 1205 1120 1251 miserata
1145 1204 1377 1267 repressit.

102 1272 277 1319 labitur
301 1273 393 1319 alta
418 1289 578 1319 secans
604 1271 851 1335 fluctuque
879 1285 1103 1335 aestuque
1131 1271 1354 1329 secundo,

105 1352 151 1386 et
176 1339 316 1402 patris
342 1339 583 1402 antiquam
611 1339 770 1385 Dauni
799 1339 1010 1386 defertur
1035 1340 1091 1385 ad
1117 1339 1300 1386 urbem.

171 1419 216 1453 at
242 1406 366 1462 Ipvis
390 1406 569 1452 interea
594 1406 786 1452 monitis
814 1406 1090 1453 Mezentius
1116 1407 1279 1453 ardens

103 1473 312 1520 succedit
337 1490 536 1535 pugnae,
565 1474 876 1536 Teucrosque
901 1473 1082 1520 invadit
1108 1487 1314 1520 ovantes.
1483 1488 1546 1529 690

103 1553 394 1587 concurrunt
420 1540 699 1602 Tyrrhenae
726 1540 861 1597 acie5‚
890 1553 1031 1603 atque
1057 1541 1276 1587 omnibus
1302 1540 1400 1596 uni,

105 1607 187 1654 uni
214 1607 425 1670 odiisque
452 1607 551 1653 viro
578 1607 778 1670 telisque
806 1607 1133 1670 frequentibus
1159 1607 1352 1654 instant.

102 1675 201 1732 ille,
227 1674 359 1721 velut
384 1691 535 1737 rupes,
564 1687 747 1720 vastum
774 1691 893 1737 quae
917 1674 1075 1737 prodit
1100 1674 1150 1720 in
1177 1691 1364 1737 aequor,

102 1741 239 1788 obvia
264 1754 516 1788 ventorum
543 1741 674 1787 furiis
703 1754 986 1804 expostaque
1012 1754 1176 1803 ponto,

104 1808 200 1856 vim
226 1821 449 1855 cunctam
476 1821 616 1870 atque
643 1808 793 1854 minas
818 1809 997 1870 perfert
1024 1808 1238 1871 caelique
1266 1808 1512 1871 marisque,

103 1875 201 1938 ipsa
224 1875 405 1922 inmota
430 1892 656 1922 manens:
693 1876 881 1938 prolem
907 1875 1220 1922 Dolichaonis
1249 1876 1472 1922 Hebrum

103 1942 270 1990 sternit
289 1942 438 2000 humi,
457 1959 567 1989 cum
584 1959 678 2005 quo
699 1943 931 2003 Latagum
961 1942 1273 2006 Palmumque
1294 1943 1542 2003 fugacem·
1530 1979 1542 1998 ‚

104 2009 185 2055 sed
210 2009 442 2069 Latagum
468 2026 576 2055 saxo
603 2023 742 2072 atque
770 2010 955 2070 ingenti
982 2009 1213 2070 fragmine
1238 2010 1411 2055 montis

104 2089 306 2138 occupat
331 2093 380 2122 os
406 2076 670 2138 faciemque
699 2077 970 2133 adversam3
1006 2077 1190 2138 poplite
1218 2077 1438 2123 Palmum

105 2143 287 2190 succiso
312 2143 439 2198 volvi
465 2159 656 2203 segnem
684 2143 825 2199 sinit3
864 2160 1086 2206 armaque
1111 2144 1264 2190 Lauso
1482 2168 1543 2197 700

104 2210 248 2257 donat
271 2210 445 2257 habere
472 2209 643 2256 umeris
671 2223 717 2256 et
743 2209 919 2256 vertice
948 2210 1087 2271 figere
1115 2209 1289 2257 cristas.

41 2279 43 2283 ’
105 2294 194 2324 nec
220 2293 318 2323 non
345 2277 599 2323 Euanthen
628 2276 902 2338 Phrygium,
933 2277 1202 2340 Paridisque
1231 2277 1470 2323 Mimanta

106 2344 351 2406 aequalem
377 2343 728 2406 comitemque;
766 2361 860 2390 una
885 2361 1028 2407 quem
1053 2358 1196 2391 nocte
1224 2345 1431 2391 Theano

106 2410 157 2456 in
183 2411 341 2458 lucem
366 2410 568 2472 genitori
592 2412 780 2473 Amyco
805 2411 951 2470 dedit,
980 2425 1027 2458 et
1052 2412 1154 2459 face
1180 2429 1440 2474 praegnans

109 2476 281 2524 Cisse'l's
304 2477 465 2538 regina
494 2478 632 2524 Parin
659 2491 815 2525 creat:
853 2479 967 2526 urbe
993 2492 1191 2541 paterna

108 2543 342 2600 occubat3
377 2544 590 2605 ignarum
615 2545 824 2592 Laurens
850 2546 995 2593 habet
1021 2564 1100 2593 ora
1129 2546 1384 2593 Mimanta.

110 2626 163 2656 ac
190 2610 321 2656 velut
346 2610 426 2657 ille
453 2628 624 2658 canum
650 2629 806 2659 morsu
832 2613 891 2658 de
918 2613 1160 2659 montibus
1187 2613 1291 2659 altis

111 2689 242 2723 actus
268 2693 394 2738 aper,
417 2678 588 2724 multos
615 2679 822 2726 Vesulus
848 2697 991 2742 quem
1017 2680 1194 2741 pinifer
1219 2695 1363 2724 annos

76 2754 151 2805 673
182 2768 358 2805 quosque.
470 2755 545 2792 682
575 2756 720 2795 inbuat.
831 2767 907 2806 705
942 2757 1078 2795 Parin:
1111 2756 1215 2794 Paris
1236 2756 1326 2793 urbe
1347 2755 1502 2808 Bentley.

141 2848 150 2895 ι’
