1861 3256
519 242 826 280 BUCOLICA:
873 242 987 279 ECL.
1018 241 1080 278 Vr
1513 250 1557 290 15

122 369 211 400 nec
239 363 424 399 tantum
451 349 681 409 Rhodope
708 347 902 393 miratur
929 360 974 394 et
1000 348 1202 393 Ismarus
1230 348 1438 409 Orphea.
1521 373 1562 402 30

123 436 330 482 namque
357 416 572 472 canebat,
598 415 667 461 uti
695 431 920 475 magnum
946 432 1030 476 per
1055 414 1196 460 inane
1223 427 1386 460 coacta

123 487 303 533 semina
328 498 650 546 terrarumque
677 481 954 544 animaeque
980 482 1213 557 marisque
1241 481 1437 528 fuissent

124 568 172 601 et
197 552 365 629 liquidi
391 550 568 597 simul
558 549 712 611 ignis·
698 584 713 603 ‚
751 562 802 594 ut
827 548 898 594 his
926 549 1116 594 exordia
1141 548 1302 611 primis

124 620 284 668 omnia
310 633 357 666 et
382 618 479 681 ipse
507 630 641 664 tener
666 615 834 662 mundi
862 616 1160 662 concreverit
1185 615 1341 662 orbis·
1329 636 1343 672 3

124 701 227 735 tum
253 688 419 734 durare
445 686 598 731 solum
625 697 671 730 et
697 683 963 729 discludere
991 683 1152 729 Nerea
1177 697 1325 745 ponto

124 754 335 817 coeperit
361 767 408 800 et
431 769 589 799 rerum
615 750 842 814 paulatim
870 767 1054 796 sumere
1081 751 1250 797 formas
1273 771 1286 808 ;

123 823 312 885 iamque
338 837 516 867 novum
543 833 689 865 terrae
716 831 934 880 stupeant
961 818 1200 864 lucescere
1226 819 1373 864 solem

124 889 278 946 altius,
305 902 443 951 atque
471 886 640 932 cadant
666 885 891 932 submotis
923 885 1128 931 nubibus
1153 885 1324 931 imbres
1346 904 1361 939 3

124 956 358 1018 incipiant
384 955 525 1000 silvae
553 962 664 999 cum
689 952 898 1015 primum
925 969 1130 1013 surgere,
1157 969 1361 1016 cumque

122 1041 220 1070 rara
244 1040 328 1085 per
352 1021 534 1082 ignaros
562 1034 719 1066 errent
744 1019 964 1065 animalia
990 1033 1190 1067 montes.
1525 1043 1566 1072 40

122 1091 237 1137 hinc
264 1089 441 1151 lapides
470 1089 674 1150 Pyrrhae
700 1087 861 1144 iactos,
890 1087 1106 1133 Saturnia
1130 1104 1285 1147 regna,

125 1159 480 1219 Caucaseasque
506 1156 648 1201 refert
674 1155 890 1201 volucres
916 1155 1192 1217 furtumque
1221 1152 1508 1200 Promethei.

123 1225 195 1271 his
221 1224 449 1284 adiungit,
479 1223 642 1284 Hylan
670 1235 837 1268 nautae
865 1239 958 1285 quo
984 1222 1116 1267 fonte
1142 1221 1366 1267 relictum

125 1293 420 1346 clamassent,
447 1303 498 1337 ut
523 1290 635 1336 litus
664 1296 676 1316 ‘
694 1290 823 1351 Hyla
850 1289 981 1351 Hyla
998 1288 1009 1309 '
1036 1305 1178 1334 omne
1205 1301 1389 1334 sonaret
1412 1288 1424 1343 ς’

126 1374 172 1406 et
198 1360 503 1415 fortunatam,
530 1357 566 1403 si
592 1374 856 1420 numquam
884 1370 1094 1402 armenta
1120 1355 1332 1411 fuissent,

128 1427 387 1488 Pasiphaen
415 1425 544 1471 nivei
572 1425 744 1470 solatur
770 1441 926 1470 amore
953 1423 1160 1470 iuvenci.

126 1512 151 1540 a
175 1493 305 1555 virgo
331 1493 521 1550 infelix,
548 1509 667 1555 quae
696 1505 740 1538 te
768 1491 1010 1537 dementia
1036 1490 1199 1553 cepit?

128 1561 367 1608 Proetides
394 1560 643 1621 inplerunt
670 1559 793 1604 falsis
821 1558 1076 1618 mugitibus
1105 1574 1250 1617 agros,

125 1642 171 1676 at
196 1645 293 1674 non
320 1641 417 1674 tam
443 1640 602 1688 turpes
628 1625 871 1687 pecudum
898 1638 1055 1671 tamen
1084 1625 1180 1670 ulla
1206 1638 1368 1671 secuta
1394 1636 1461 1669 est

126 1695 426 1751 concubitus,
452 1692 667 1756 quamvis
693 1693 820 1738 collo
847 1691 1079 1738 timuisset
1105 1704 1325 1748 aratrum,
1531 1715 1570 1742 50

125 1776 170 1809 et
196 1779 329 1824 saepe
356 1761 405 1807 in
432 1760 527 1806 levi
555 1759 807 1823 quaesisset
834 1776 1010 1805 cornua
1036 1759 1207 1806 fronte.

125 1848 149 1876 a
173 1829 303 1889 virgo
329 1827 516 1884 infelix,
543 1840 593 1873 tu
621 1843 750 1873 nunc
778 1826 828 1872 in
854 1826 1096 1872 montibus
1123 1843 1245 1872 erras
1268 1844 1278 1872 :

125 1897 207 1943 ille
234 1897 354 1943 latus
380 1895 574 1941 niveum
601 1894 736 1939 molli
764 1894 912 1940 fultus
937 1893 1196 1954 hyacintho

125 1964 235 2010 ilice
262 1963 348 2010 sub
373 1963 505 2023 nigra
530 1962 762 2023 pallentes
787 1961 997 2023 ruminat
1020 1961 1201 2017 herbas,

126 2045 205 2078 aut
252 2030 458 2094 aliquam
507 2029 556 2075 in
610 2045 782 2089 magno
831 2028 1043 2091 sequitur
1089 2044 1243 2088 grege.
1315 2033 1327 2051 ‘
1347 2026 1566 2083 claudite,

261 2098 537 2160 Nymphae,

126 2166 353 2212 Dictaeae
380 2165 655 2226 Nymphae,
681 2181 934 2210 nemorum
961 2163 1054 2209 iam
1081 2162 1286 2209 claudite
1313 2162 1470 2218 saltus,

126 2233 161 2279 si
187 2251 279 2296 qua
304 2233 425 2278 forte
451 2232 606 2278 ferant
632 2231 780 2277 oculis
808 2248 905 2277 sese
930 2230 1068 2276 obvia
1093 2229 1260 2276 nostris

127 2300 390 2347 errabunda
413 2299 545 2346 bovis
571 2298 766 2358 vestigia
787 2319 801 2355 ;
840 2297 1029 2344 forsitan
1057 2297 1196 2343 illum

128 2380 207 2414 aut
230 2367 375 2414 herba
400 2380 593 2429 captum
620 2365 755 2411 viridi
783 2379 863 2412 aut
889 2378 1101 2411 armenta
1126 2378 1343 2411 secutum

129 2435 388 2496 perducant
414 2435 598 2498 aliquae
626 2434 806 2480 stabula
831 2433 888 2479 ad
915 2432 1150 2494 Gortynia
1173 2430 1376 2478 vaccae.'
1530 2442 1571 2475 60

130 2513 232 2547 tum
257 2502 383 2548 canit
409 2501 735 2564 Hesperidum
762 2501 978 2547 miratam
1005 2500 1127 2546 mala
1152 2499 1361 2562 puellam
1383 2518 1396 2552 3

133 2580 235 2614 tum
262 2568 653 2615 Phaethontiadas
681 2585 844 2615 musco
871 2568 1140 2614 circumdat
1166 2583 1348 2613 amarae

132 2634 332 2690 corticis,
359 2648 498 2698 atque
526 2635 622 2682 solo
647 2652 860 2698 proceras
888 2635 1024 2695 erigit
1050 2635 1196 2681 alnos.

133 2713 235 2748 tum
261 2701 402 2757 canit,
430 2705 664 2749 errantem
693 2702 920 2748 Permessi
948 2702 1006 2748 ad
1030 2701 1230 2747 flumina
1258 2700 1456 2746 Gallum

383 2791 429 2828 33
460 2792 506 2816 ex
526 2779 683 2831 omnia3
712 2793 757 2816 ex
778 2779 893 2818 ordia.
1005 2791 1057 2827 40
1089 2779 1250 2826 ignotos.
