1866 3208
225 215 306 255 270
672 205 717 247 P.
746 204 982 243 VERGILI
1011 205 1268 244 MARONIS

293 313 488 360 Silvano
513 313 638 359 fama
664 324 733 358 est
756 325 938 358 veteres
962 329 1161 358 sacrasse
1189 312 1418 372 PelangS‚
1656 328 1719 358 600

290 396 511 427 arvorum
535 379 816 441 pecorisque
843 379 950 437 deo,
976 379 1236 442 lucumque
1262 378 1502 440 diemque,

291 446 373 509 qui
398 446 540 508 primi
567 445 684 490 fines
710 444 968 507 aliquando
991 446 1199 492 habuere
1226 445 1438 492 Latinos·

290 513 419 559 haud
441 511 608 574 procul
634 511 749 557 hinc
775 511 972 558 Tarcho
997 525 1044 558 et
1070 511 1312 575 Tyrrheni
1341 524 1442 557 tuta
1467 513 1697 560 tenebant

292 592 440 639 castra
465 577 599 636 locis,
627 578 851 640 celsoque
877 578 1030 624 omnis
1056 579 1115 625 de
1141 578 1267 625 colle
1292 577 1441 623 videri

291 646 384 692 iam
409 656 593 707 poterat
618 644 757 704 legi0‚
786 657 833 691 et
858 644 965 691 latis
992 645 1220 691 tendebat
1245 645 1295 690 in
1321 644 1457 692 arvis,

290 713 386 758 huc
412 724 547 773 pater
570 711 756 757 Aeneas
785 724 831 757 et
856 711 985 757 bello
1011 712 1134 758 lecta
1158 711 1379 757 iuventus

291 778 574 834 succedunt,
601 777 806 840 fessique
833 791 881 824 et
907 795 1050 841 equos
1077 792 1124 825 et
1150 795 1345 840 corpora
1370 791 1554 826 curant.

359 857 406 891 at
431 844 599 890 Venus
624 844 856 890 aetherios
883 844 1010 891 inter
1034 845 1122 891 dea
1148 845 1347 891 candida
1373 845 1558 891 nimbos

291 912 416 957 dona
443 911 596 956 ferens
623 911 781 957 aderat
803 932 818 968 3
854 924 1115 974 natumque
1140 911 1190 957 in
1216 912 1338 957 valle
1363 912 1559 958 reducta

292 991 344 1024 ut
371 977 534 1039 procul
563 990 609 1023 et
633 977 794 1037 gelido
820 990 1053 1024 secretum
1078 978 1279 1024 flumine
1304 978 1438 1036 vidit,
1661 993 1723 1024 610

293 1045 463 1090 talibus
490 1044 646 1090 adfata
672 1056 740 1090 est
766 1043 906 1090 dictis
932 1061 1075 1107 seque
1100 1045 1276 1091 obtulit
1301 1045 1427 1091 ultro
1451 1064 1461 1091 :

257 1116 272 1136 ‘
293 1127 351 1157 en
377 1111 591 1173 perfecta
617 1111 710 1156 mei
737 1111 964 1173 promissa
988 1111 1201 1172 coniugis
1228 1124 1325 1158 arte

291 1193 506 1235 munera,
533 1194 594 1224 ne
620 1194 727 1223 mox
754 1190 836 1223 aut
861 1177 1138 1237 Laurentes,
1166 1191 1291 1236 nate,
1318 1179 1556 1240 superbos,

292 1257 373 1291 aut
399 1260 554 1291 acrem
580 1244 769 1290 dubites
795 1244 845 1290 in
872 1245 1050 1306 proelia
1075 1261 1264 1306 poscere
1291 1245 1547 1292 Turnum.’

292 1311 428 1369 dixit,
457 1323 504 1357 et
530 1311 776 1372 amplexus
803 1311 902 1357 nati
932 1311 1170 1372 Cytherea
1196 1311 1367 1373 petivit
1389 1332 1404 1368 3

292 1395 417 1424 arma
444 1377 530 1423 sub
556 1377 746 1424 adversa
771 1377 928 1440 posuit
955 1378 1188 1423 radiantia
1214 1394 1410 1440 quercu.

292 1445 373 1490 ille
400 1445 516 1490 deae
541 1444 679 1490 donis
715 1458 762 1491 et
789 1457 924 1491 tanto
948 1444 1099 1491 laetus
1125 1446 1303 1491 honore

291 1510 471 1573 expleri
499 1511 669 1574 nequit
694 1524 834 1574 atque
860 1512 1022 1557 oculos
1048 1529 1133 1573 per
1158 1511 1342 1572 singula
1366 1511 1531 1569 volvit,

292 1578 586 1640 miraturque
613 1578 835 1653 interque
861 1595 1027 1624 manus
1055 1592 1101 1624 et
1128 1578 1346 1625 bracchia
1371 1592 1523 1625 versat

293 1645 555 1690 terribilem
583 1644 733 1690 cristis
759 1645 942 1705 galeam
970 1644 1278 1707 flammasque
1303 1658 1595 1702 vomentem,
1661 1660 1723 1690 620

292 1711 633 1773 fatiferumque
661 1728 838 1769 ensem,
866 1711 1062 1757 loricam
1089 1728 1146 1757 ex
1172 1728 1277 1757 aere
1303 1711 1552 1772 rigentem,

292 1777 616 1837 sanguineam,
644 1777 904 1838 ingentem,
933 1777 1084 1840 qualis
1111 1795 1220 1824 cum
1248 1779 1434 1824 caerula
1459 1778 1608 1824 nubes

291 1843 400 1890 solis
427 1843 684 1890 inardescit
708 1844 849 1889 radiis
876 1844 1112 1906 longeque
1139 1844 1379 1904 refulget;

294 1924 395 1957 tum
421 1910 549 1956 leves
575 1927 734 1956 ocreas
762 1911 940 1957 electro
966 1927 1174 1973 auroque
1200 1924 1405 1968 recocto,

292 1978 585 2039 hastamque,
613 1990 660 2023 et
687 1976 830 2038 clipei
859 1994 955 2023 non
983 1978 1246 2023 enarrabile
1273 1991 1475 2024 textum.

291 2043 392 2089 illic
420 2060 489 2089 res
516 2044 659 2090 Italas
688 2043 1110 2119 Romanorumque
1138 2044 1416 2118 triumphos,

291 2110 419 2156 haud
444 2123 606 2156 vatum
633 2110 822 2170 ignarus
846 2111 1130 2173 venturique
1156 2110 1331 2157 inscius
1357 2111 1475 2168 aevi,

292 2177 470 2223 fecerat
496 2177 812 2238 Ignipotens,
849 2177 949 2224 illic
975 2194 1123 2238 genus
1148 2193 1292 2224 omne
1318 2178 1505 2224 futurae

291 2243 447 2305 stirpis
473 2244 530 2289 ab
556 2244 762 2289 Ascanio
787 2256 1092 2306 pugnataque
1117 2244 1167 2290 in
1193 2244 1359 2290 ordine
1385 2244 1526 2290 bella.

293 2310 471 2357 fecerat
498 2322 545 2356 et
570 2310 708 2356 viridi
737 2311 883 2356 fetam
913 2311 1142 2356 Mavortis
1169 2311 1218 2356 in
1245 2324 1381 2356 antro
1662 2325 1724 2364 630

293 2376 597 2438 procubuisse
624 2377 786 2437 lupam
810 2397 823 2432 ;
859 2376 1072 2437 geminos
1097 2377 1210 2422 huic
1239 2377 1379 2423 ubera
1405 2376 1585 2422 circum

293 2442 458 2489 ludere
484 2443 748 2504 pendentes
775 2460 945 2504 pueros
973 2456 1019 2489 et
1046 2443 1251 2490 lambere
1278 2455 1478 2489 matrem

293 2508 576 2570 inpavidos3
613 2508 744 2555 illam
772 2509 907 2555 tereti
935 2509 1120 2555 cervice
1146 2508 1320 2555 reflexa

294 2575 504 2621 mulcere
530 2576 737 2621 alternos
765 2588 812 2621 et
838 2593 1032 2637 corpora
1059 2576 1235 2636 fingere
1261 2576 1438 2637 lingua.

295 2658 383 2688 nec
410 2642 575 2704 procul
601 2641 718 2689 hinc
746 2643 949 2688 Romam
977 2656 1024 2689 et
1049 2656 1199 2705 raptas
1226 2643 1326 2689 sinc
1353 2660 1482 2690 more
1511 2643 1703 2690 Sabinas

635 2740 657 2777 6
667 2753 712 2778 10
741 2741 896 2789 egelido.
1008 2742 1084 2792 633
1116 2742 1309 2782 reflexam.
