1866 3208
273 263 352 304 250
717 255 760 292 P.
791 253 1024 291 VERGILI
1055 255 1311 293 MARONIS

340 378 433 406 una
454 360 620 421 ingens
645 359 892 406 Amiterna
918 361 1084 406 cohors
1108 360 1346 423 priscique
1373 359 1603 422 Qirites,
1701 386 1763 415 710
1834 401 1836 407 .

340 426 471 473 Ereti
499 443 665 472 manus
692 426 846 471 omnis
869 426 1210 490 oliviferaeque
1239 428 1493 473 Mutuscae
1515 446 1529 480 3

340 493 420 556 qui
449 493 752 538 Nomentum
779 493 960 550 urbem,
987 493 1067 555 qui
1095 494 1246 540 Rosea
1273 511 1377 539 rura
1405 493 1586 551 Velini,

338 559 418 622 qui
448 558 674 604 Tetricae
698 559 933 606 horrentis
958 577 1095 622 rupes
1122 574 1432 622 montemque
1462 560 1685 606 Severum

341 625 712 687 Casperiamque
730 626 896 671 colunt
915 627 1207 690 Forulosque
1225 640 1271 672 et
1288 626 1466 672 flumen
1485 626 1730 672 Himellae
1748 648 1762 683 ;

340 691 420 754 qui
449 691 671 737 Tiberim
698 692 1009 754 Fabarimque
1035 693 1222 750 bibunt,
1250 710 1366 755 quos
1392 692 1560 753 frigida
1584 692 1713 738 misit

339 757 528 814 Nursia,
558 770 604 803 et
632 758 832 804 Ortinae
860 759 1026 805 classes
1052 760 1313 822 populique
1340 758 1518 816 Latini,

339 841 551 887 quosque
577 841 738 870 secans
765 825 1027 872 infaustum
1053 826 1272 872 interluit
1296 825 1423 872 Allia
1450 842 1627 872 nornen
1652 844 1662 872 ε

338 908 481 954 quam
507 891 645 937 multi
672 891 855 953 Libyco
880 893 1138 939 volvuntur
1163 909 1394 939 marmore
1420 891 1607 950 fluctus,

339 974 499 1003 saevus
526 957 606 1003 ubi
636 958 788 1003 Orion
814 958 1025 1005 hibernis
1051 959 1274 1005 conditur
1299 959 1438 1005 undis
1461 980 1475 1016 3

337 1024 414 1070 vel
441 1041 552 1070 cum
577 1024 675 1070 sole
703 1041 826 1070 novo
851 1025 1024 1071 densae
1052 1039 1292 1072 torrentur
1318 1025 1499 1084 aristae,
1706 1050 1768 1080 720

339 1103 420 1137 aut
446 1090 619 1136 Hermi
647 1107 830 1153 campO,
858 1104 938 1137 aut
965 1092 1138 1153 Lyciae
1165 1092 1449 1138 flaventibus
1476 1092 1612 1139 arvis.

339 1170 471 1204 scuta
499 1170 684 1215 sonant,
711 1158 944 1220 pulsuque
971 1159 1147 1220 pedum
1174 1159 1432 1206 conterrita
1459 1160 1616 1207 tellus.

406 1224 520 1270 hinc
546 1224 967 1284 Agamemnonius,
995 1225 1196 1271 Troiani
1224 1226 1431 1272 nominis
1456 1225 1619 1282 hostis,

340 1308 478 1337 curru
506 1291 658 1352 iungit
686 1291 891 1337 Halesus
920 1309 1079 1354 equos,
1107 1293 1374 1354 Turnoque
1401 1293 1581 1338 feroces

339 1358 472 1403 mille
498 1358 621 1419 rapit
647 1358 861 1420 populos,
888 1371 1083 1404 vertunt
1108 1358 1268 1404 felicia
1296 1359 1485 1404 Baccho

343 1424 548 1470 Massica
573 1424 653 1487 qui
681 1424 854 1481 rastris,
882 1438 927 1471 et
954 1443 1067 1487 quos
1094 1425 1151 1471 de
1179 1425 1382 1471 collibus
1408 1424 1514 1470 altis

339 1491 555 1537 Aurunci
583 1491 753 1537 misere
779 1505 949 1553 patres,
979 1491 1285 1554 Sidicinaque
1312 1491 1444 1537 iuxta

340 1575 580 1620 aequora;
617 1558 794 1621 quique
823 1559 961 1605 Cales
988 1558 1231 1621 linquunt,
1259 1558 1504 1621 amnisque
1529 1557 1688 1604 vadosi

340 1625 498 1670 accola
524 1625 769 1682 Volturni,
797 1625 1067 1689 pariterque
1096 1624 1330 1671 Saticulus
1357 1642 1505 1687 asper,

341 1692 673 1753 Oscorumque
701 1709 881 1738 manus.
954 1704 1126 1737 teretes
1153 1704 1262 1737 sunt
1289 1692 1478 1752 aclydes
1505 1691 1598 1737 illis
1708 1716 1769 1745 730

340 1758 434 1804 tela
459 1778 471 1813 ;
508 1757 589 1803 sed
614 1759 731 1804 haec
758 1758 891 1804 lento
917 1775 1017 1804 mos
1047 1770 1114 1804 est
1141 1771 1300 1820 aptare
1326 1757 1529 1819 flagello.

340 1825 493 1870 laevas
519 1837 671 1870 caetra
699 1824 814 1884 tegit
838 1844 851 1880 3
889 1824 1049 1870 falcati
1078 1824 1345 1870 comminus
1372 1841 1520 1871 enses.

408 1907 497 1937 nec
525 1903 574 1937 tu
602 1891 892 1937 carminibus
918 1891 1089 1937 nostris
1115 1890 1323 1937 indictus
1350 1891 1516 1948 abibis,

342 1957 545 2013 Oebale,
571 1975 713 2020 quem
738 1974 984 2018 generasse
1011 1957 1173 2003 Telon
1202 1957 1461 2003 Sebethide
1488 1959 1699 2019 nympha

341 2025 505 2081 fertur,
534 2024 808 2070 Teleboum
837 2024 1043 2086 Capreas
1069 2041 1180 2070 cum
1205 2040 1347 2084 regna
1373 2037 1573 2081 teneret,

340 2091 433 2137 iam
459 2090 616 2136 senior
640 2112 652 2147 ;
688 2090 849 2153 patriis
877 2091 957 2136 sed
984 2107 1076 2136 non
1107 2104 1154 2136 et
1181 2090 1304 2136 filius
1331 2090 1450 2136 arvis

341 2170 598 2204 contentus
625 2158 718 2203 late
745 2157 839 2203 iam
866 2170 966 2204 tum
992 2157 1183 2205 dicione
1209 2157 1455 2219 premebat

344 2225 570 2270 Sarrastes
598 2225 797 2286 populos
826 2237 872 2270 et
899 2241 1017 2286 quae
1044 2223 1162 2284 rigat
1188 2241 1391 2286 aequora
1418 2224 1607 2281 SarnuS,

341 2290 514 2352 quique
586 2291 755 2337 Rufras
821 2291 1145 2353 Batulumque
1215 2303 1384 2336 tenent
1451 2303 1593 2352 atque
1662 2307 1769 2335 arva

478 2357 756 2414 Celemnae,

343 2436 388 2469 et
415 2440 528 2485 quos
556 2424 801 2469 maliferae
828 2423 1104 2485 despectant
1130 2423 1320 2469 moenia
1345 2423 1564 2479 Abellae,
1710 2447 1772 2476 740

342 2489 618 2536 Teutonico
645 2489 738 2536 ritu
766 2490 888 2536 soliti
915 2503 1134 2552 torquere
1159 2489 1330 2536 cateias
1352 2508 1367 2542 ς

343 2556 551 2617 tegmina
577 2556 680 2619 quis
707 2556 918 2618 capitum
944 2569 1101 2617 raptus
1127 2555 1186 2601 de
1213 2556 1377 2602 subere
1404 2569 1582 2614 cortex,

341 2636 621 2686 aerataeque
648 2622 829 2669 micant
854 2623 1026 2684 peltae,
1054 2622 1200 2668 micat
1225 2639 1386 2668 aereus
1413 2622 1550 2669 ensis.

410 2702 455 2736 et
481 2702 527 2736 te
552 2703 790 2736 montosae
817 2689 981 2735 misere
1008 2689 1057 2735 in
1084 2689 1259 2751 proelia
1284 2689 1479 2746 Nersae,

736 2778 810 2816 737
842 2767 1004 2804 tenebat.
1116 2766 1190 2815 738
1221 2780 1305 2816 qua.
