1866 3208
589 251 865 289 AENEIDos
896 252 1000 290 LIB.
1029 251 1092 288 1x
1513 254 1589 303 287

156 361 299 408 caede
326 360 485 406 locum
512 371 558 404 et
583 358 748 432 plenos
775 359 1014 420 spumanti
1041 358 1266 419 sanguine
1293 359 1433 406 rivos.

156 428 447 488 adgnoscunt
472 425 619 487 spolia
644 424 769 470 inter
795 442 840 470 se
867 426 1143 489 galeamque
1171 426 1412 473 nitentem

157 492 365 568 Messapi
392 505 440 538 et
465 491 617 538 multo
641 492 856 553 phaleras
884 493 1052 539 sudore
1079 507 1309 556 receptas.

223 574 269 606 et
293 560 386 605 iam
410 558 563 621 prima
590 575 715 604 novo
742 559 988 621 spargebat
1014 560 1197 606 lumine
1226 574 1367 607 terras

155 625 361 674 Tithoni
389 641 611 672 croceum
639 625 861 688 linquens
886 627 1068 672 Aurora
1096 628 1291 674 cubile:
1533 643 1594 681 460

155 694 247 740 iam
273 693 368 739 sole
393 693 568 750 infuso,
597 692 691 739 iam
718 693 856 739 rebus
885 693 994 739 luce
1020 695 1228 753 retectis,

156 759 389 807 Turnus
377 777 427 806 1n
454 776 582 806 arma
607 759 744 817 viros,
774 760 912 805 armis
939 760 1297 808 circumdatus
1285 779 1400 824 ipse,

154 826 360 885 suscitat,
389 840 654 902 aeratasque
681 826 803 872 acies
830 826 879 872 in
904 827 1086 889 proelia
1113 828 1240 889 cogit

153 894 351 970 quisque
378 911 494 951 suas,
520 893 754 969 variisque
781 907 960 940 acuunt
986 895 1288 941 rumoribus
1277 914 1381 943 1ras.

154 962 270 1025 quin
297 961 395 1024 ipsa
422 961 789 1007 arrectis—visu
817 961 1204 1008 miserabile—in
1231 963 1373 1009 hastis

151 1028 417 1091 praefigunt
442 1027 596 1090 capita
623 1041 669 1074 et
694 1028 848 1074 multo
875 1028 1082 1075 clamore
1108 1044 1370 1092 sequuntur

154 1095 345 1156 Euryali
374 1107 421 1141 et
447 1094 572 1141 Nisi.

153 1162 408 1208 Aeneadae
434 1162 539 1208 duri
567 1179 810 1209 murorum
836 1163 886 1209 in
913 1177 1043 1226 parte
1071 1163 1257 1210 sinistra

153 1246 414 1292 opposuere
441 1229 778 1276 aciem—nam
804 1230 998 1277 dextera
1025 1231 1234 1291 cingitur
1261 1231 1460 1278 amni—

152 1296 464 1360 ingentesque
490 1310 659 1344 tenent
685 1297 826 1344 fossas
854 1311 901 1344 et
929 1298 1137 1344 turribus
1165 1298 1267 1344 altis
1532 1323 1593 1352 470

154 1376 279 1410 stant
304 1364 504 1410 maesti·
491 1400 505 1418 ,
542 1364 683 1411 simul
710 1382 789 1410 ora
814 1365 968 1411 virum
994 1365 1199 1428 praefixa
1223 1366 1498 1422 movebant,

154 1443 267 1477 nota
293 1430 433 1477 nimis
459 1431 639 1477 miseris
667 1444 860 1494 atroque
887 1431 1086 1478 fluentia
1112 1433 1235 1480 tabo.

221 1497 403 1544 interea
428 1498 646 1560 pavidam
673 1499 874 1545 volitans
900 1499 1099 1561 pinnata
1124 1517 1208 1562 per
1233 1500 1399 1546 urbem

154 1565 322 1611 nuntia
348 1566 487 1612 Fama
512 1565 605 1612 ruit
631 1566 889 1628 matrisque
917 1566 1153 1612 adlabitur
1178 1584 1313 1613 aures

153 1632 364 1694 Euryali.
437 1647 481 1678 at
507 1633 687 1679 subitus
715 1633 911 1679 miserae
930 1633 1058 1679 calor
1083 1651 1180 1679 ossa
1204 1634 1397 1696 reliquit
1420 1655 1432 1690 3

153 1699 333 1745 excussi
360 1700 577 1746 manibus
603 1700 719 1746 radii
745 1700 1053 1762 revolutaque
1078 1717 1239 1762 pensa.

154 1766 306 1812 evolat
332 1765 502 1812 infelix
529 1780 576 1812 et
601 1766 813 1813 femineo
841 1767 1041 1825 ululatu,

152 1833 287 1879 scissa
312 1849 514 1889 comam,
542 1850 697 1880 muros
726 1850 884 1880 amens
913 1847 1052 1897 atque
1079 1835 1266 1895 agmina
1294 1852 1431 1881 cursu

151 1899 302 1962 prima
327 1900 462 1962 petit,
491 1917 588 1946 non
614 1900 696 1946 illa
721 1901 892 1958 virum,
921 1918 1017 1947 non
1044 1902 1128 1947 illa
1150 1902 1319 1964 pericli

153 1967 452 2030 telorumque
501 1985 682 2014 memor
705 1989 717 2025 3
766 1968 952 2014 caelum
1002 1968 1178 2015 dehinc
1223 1969 1468 2032 questibus
1517 1969 1591 2014 in-

286 2034 387 2096 plet
411 2053 420 2081 Ζ
1530 2051 1592 2090 480

152 2102 281 2147 hunc
310 2117 394 2161 ego
421 2114 483 2158 te,
510 2102 731 2163 Euryale,
758 2103 969 2165 aspicio?
1008 2116 1121 2149 tune
1148 2103 1229 2148 ille
1256 2116 1477 2149 senectae

153 2185 252 2213 sera
276 2185 410 2215 meae
436 2168 635 2231 requies,
662 2169 858 2232 potuisti
888 2170 1107 2232 linquere
1134 2170 1296 2228 solam,

153 2235 396 2281 crudelis?
434 2252 522 2282 nec
551 2249 614 2293 te,
641 2237 726 2282 sub
754 2249 884 2282 tanta
908 2237 1119 2299 pericula
1144 2237 1352 2294 missum,

153 2301 299 2347 adfari
328 2315 596 2349 extremum
623 2303 819 2350 miserae
847 2304 954 2350 data
981 2304 1116 2365 copia
1142 2304 1318 2350 matri?

153 2368 263 2424 heu,
291 2381 411 2415 terra
437 2369 597 2431 ignota
625 2370 822 2416 canibus
850 2371 957 2417 data
983 2371 1156 2432 praeda
1181 2370 1364 2417 Latinis

155 2434 436 2498 alitibusque
461 2437 597 2513 iaces,
627 2454 715 2484 nec
743 2451 788 2483 te
815 2451 894 2484 tua
922 2438 1088 2484 funera
1115 2452 1263 2485 mater

154 2501 353 2562 produxi
378 2504 582 2564 pressive
608 2505 768 2551 oculos
795 2518 874 2552 aut
899 2506 1095 2552 vulnera
1119 2505 1226 2563 lavi,

154 2580 283 2613 veste
309 2581 485 2629 tegenS‚
513 2571 599 2617 tibi
625 2589 768 2634 quam
794 2586 957 2619 noctes
983 2573 1154 2620 festina
1178 2544 1371 2636 diesque

155 2634 410 2694 urguebam
436 2650 483 2682 et
508 2638 600 2683 tela
627 2655 760 2684 curas
787 2640 965 2685 solabar
991 2639 1152 2687 aniles.

155 2718 248 2764 quo
275 2718 441 2764 sequar
465 2706 480 2748 ?
517 2717 598 2750 aut
621 2722 740 2767 quae
768 2723 896 2752 nunc
924 2719 1046 2752 artus
1068 2707 1321 2768 avulsaque
1341 2705 1553 2750 membra

88 2778 165 2828 456
196 2781 307 2827 pleno
337 2787 568 2828 spumantes.
673 2782 748 2829 481
782 2783 859 2821 illa.
968 2783 1050 2830 484
1079 2783 1270 2820 extremis.
1379 2781 1456 2832 485
1490 2783 1586 2820 date.
