1866 3208
563 226 841 263 AENEIDOS
871 226 974 263 LIB.
1004 225 1088 263 VII
1502 237 1580 274 239

145 335 341 386 flectere
367 334 403 380 si
430 350 618 407 nequeo
647 333 864 394 Superos,
892 334 1168 380 Acheronta
1194 332 1414 380 movebo.

147 420 245 449 non
272 395 458 469 dabitur
483 399 652 460 regniS,
683 413 797 456 esto,
826 401 1080 475 prohibere
1107 388 1308 457 Latinis,

147 483 289 532 atque
316 458 498 514 inmota
525 478 690 512 manet
716 438 824 511 fatis
852 467 1053 513 Lavinia
1082 467 1330 514 coniunx:

147 550 194 582 at
220 536 420 591 trahere,
448 546 590 596 atque
617 550 769 579 moras
798 534 941 579 tantis
969 534 1084 581 licet
1110 534 1284 580 addere
1309 533 1478 579 rebus:

147 616 194 649 at
220 602 334 648 licet
359 571 608 646 amborum
633 601 835 664 populos
865 601 1141 647 exscindere
1167 617 1346 661 regum.

145 671 233 715 hac
261 685 406 742 gener
432 681 575 730 atque
602 684 735 713 socer
762 675 931 714 coeant
958 668 1178 714 mercede
1206 684 1414 714 suorum.

147 735 378 796 sanguine
406 734 624 780 Troiano
652 749 696 780 et
724 735 908 781 Rutulo
935 735 1176 791 dotabere,
1203 734 1350 795 virgo,

147 816 193 849 et
222 802 424 848 Bellona
451 814 616 848 manet
643 815 689 848 te
714 803 950 864 pronuba.
1023 819 1112 848 nec
1140 803 1245 848 face
1273 815 1461 848 tantum

148 869 321 916 Cisse'i's
347 886 610 931 praegnans
639 868 771 930 ignes
801 869 940 915 enixa
965 869 1175 930 iugales;
1527 892 1590 922 320

146 936 264 1000 quin
291 935 420 982 idem
447 936 627 982 Veneri
655 950 816 998 partus
844 954 951 982 suus
980 950 1026 982 et
1054 936 1180 982 Paris
1207 937 1341 994 alter,

147 1005 461 1066 funestaeque
487 1003 659 1049 iterum
688 1003 897 1050 recidiva
924 1003 974 1049 in
1004 1004 1227 1064 Pergama
1255 1002 1453 1049 taedae.'

214 1072 332 1117 haec
359 1070 440 1116 ubi
468 1070 596 1116 dicta
624 1070 775 1128 dedit,
807 1084 950 1117 terras
976 1071 1213 1116 horrenda
1238 1069 1440 1132 petivit3

148 1137 413 1184 luctificam
438 1138 632 1184 Allecto
661 1137 868 1184 dirarum
896 1139 952 1184 ab
979 1138 1090 1184 sede
1116 1138 1312 1183 dearum

147 1205 447 1268 infernisque
474 1205 570 1251 ciet
598 1205 824 1262 tenebris,
854 1205 930 1251 cui
960 1204 1109 1251 tristia
1135 1204 1263 1251 bella

125 1273 339 1335 'iraeque
366 1272 665 1335 insidiaeque
695 1286 741 1318 et
769 1272 970 1318 crimina
997 1271 1139 1318 noxia
1167 1271 1314 1318 cordi.

149 1340 251 1387 odit
278 1353 324 1386 et
349 1340 448 1402 ipse
473 1353 608 1402 pater
637 1339 832 1397 Pluton,
861 1340 1004 1386 odere
1031 1357 1208 1386 sorores

150 1407 412 1453 Tartareae
439 1421 738 1453 monstrum:
777 1420 848 1453 tot
874 1424 972 1453 sese
998 1406 1142 1453 vertit
1168 1407 1218 1452 in
1245 1423 1340 1463 ora,

150 1488 246 1520 tam
272 1491 435 1520 saevae
462 1473 624 1531 facies,
654 1486 724 1520 tot
748 1474 958 1536 pullulat
985 1487 1083 1520 atra
1110 1473 1331 1520 colubris.

151 1558 292 1604 quam
318 1542 442 1587 Iuno
469 1541 540 1587 his
568 1540 699 1587 acuit
724 1541 895 1599 verbis,
925 1559 976 1588 ac
1006 1541 1118 1587 talia
1143 1541 1297 1587 fatur:
1532 1564 1594 1593 330

150 1610 280 1655 hunc
306 1608 424 1655 mihi
450 1608 509 1654 da
535 1608 795 1671 proprium,
824 1608 954 1669 virgo
982 1622 1078 1654 sata
1106 1608 1282 1665 Nocte,
1311 1607 1541 1663 laborem,

150 1677 274 1721 hanc
301 1692 510 1738 operam,
537 1693 598 1721 ne
625 1689 784 1721 noster
811 1677 963 1721 honos
991 1675 1255 1721 infractave
1282 1674 1422 1720 cedat

150 1743 273 1788 fama
301 1742 423 1800 loco,
451 1759 546 1788 neu
574 1742 794 1788 conubiis
824 1741 1005 1788 ambire
1033 1742 1261 1788 Latinum

148 1809 405 1856 Aeneadae
431 1809 628 1872 possint,
657 1809 864 1855 Italosve
893 1809 1109 1855 obsidere
1137 1809 1270 1855 fines.

150 1890 201 1923 tu
227 1889 360 1939 potes
387 1876 638 1922 unanimos
665 1893 846 1922 armare
873 1876 924 1922 in
951 1877 1134 1939 proelia
1161 1876 1340 1934 fratres,

150 1956 294 2006 atque
320 1943 438 1990 odiis
464 1960 648 1990 versare
675 1944 873 2000 domos;
913 1957 964 1990 tu
992 1944 1189 1990 verbera
1217 1943 1354 1990 tectis

151 2011 464 2073 funereasque
490 2011 668 2058 inferre
695 2012 853 2068 faces3
893 2011 979 2057 tibi
1008 2011 1204 2057 nomina
1230 2010 1381 2067 mille,

151 2077 285 2123 mille
314 2078 521 2124 nocendi
549 2091 682 2125 artes.
756 2079 1024 2125 fecundum
1053 2091 1259 2124 concute
1285 2090 1468 2140 pectus,

150 2144 298 2191 disice
325 2145 638 2208 compositam
665 2163 849 2208 pacem,
879 2162 978 2191 sere
1008 2144 1208 2191 crimina
1232 2143 1381 2201 belli3

151 2229 277 2258 arma
306 2212 424 2258 velit
448 2226 708 2275 poscatque
737 2213 877 2258 simul
906 2212 1156 2274 rapiatque
1182 2211 1438 2258 iuventus.'
1534 2235 1596 2265 340

221 2279 331 2325 exin
359 2279 627 2340 Gorgoneis
651 2280 846 2326 Allecto
873 2279 1054 2326 infecta
1081 2278 1279 2325 venenis

152 2346 387 2408 principio
413 2347 607 2393 Latium
635 2360 682 2394 et
708 2347 960 2393 Laurentis
990 2360 1115 2393 tecta
1142 2345 1331 2408 tyranni

156 2413 280 2459 celsa
304 2413 442 2476 petit,
471 2414 766 2477 tacitumque
792 2414 979 2460 obsedit
1006 2414 1156 2460 limen
1183 2416 1401 2470 Amatae,

155 2496 297 2541 quam
322 2498 461 2543 super
487 2482 696 2528 adventu
726 2482 976 2528 Teucrum
1005 2481 1262 2544 Turnique
1289 2478 1567 2543 hymenaeis

157 2545 392 2593 femineae
418 2549 666 2595 ardentem
692 2566 928 2612 curaeque
955 2548 1149 2611 iraeque
1177 2549 1468 2611 coquebant.

155 2611 266 2658 huic
293 2613 381 2659 dea
406 2615 635 2662 caeruleis
662 2633 814 2662 unum
840 2617 899 2662 de
927 2616 1136 2662 crinibus
1165 2632 1368 2690 anguem

158 2678 353 2737 conicit,
380 2679 526 2742 inque
553 2681 709 2729 sinum
734 2683 1012 2744 praecordia
1039 2683 1134 2729 ad
1123 2682 1294 2728 intima
1321 2680 1494 2737 subdit,

157 2763 251 2808 quo
277 2745 534 2793 furibunda
560 2748 756 2795 domum
782 2763 995 2795 monstro
1019 2749 1305 2811 permisceat
1331 2763 1541 2792 omnem.
