1866 3208
594 914 796 961 LIBER
832 913 1311 963 DUODECIMUS

277 1046 485 1093 TURNUS
512 1060 564 1094 ut
589 1046 818 1094 infractos
844 1047 1038 1095 adverso
1066 1049 1225 1096 Marte
1251 1048 1448 1096 Latinos

275 1114 505 1160 defecisse
532 1113 678 1171 videt,
706 1131 786 1161 sua
811 1131 941 1161 nunc
965 1115 1191 1178 promissa
1215 1114 1416 1178 reposci,

275 1197 322 1226 se
349 1180 518 1240 signari
545 1180 711 1238 oculis,
742 1180 866 1228 ultro
891 1181 1189 1243 inplacabilis
1216 1182 1363 1240 ardet,

275 1247 550 1310 attollitque
577 1247 777 1294 animos.
851 1246 1120 1294 Poenorum
1147 1247 1296 1311 qualis
1323 1248 1371 1294 in
1399 1247 1514 1294 arvis

275 1313 459 1359 saucius
487 1313 570 1359 ille
596 1314 720 1374 gravi
745 1326 1007 1361 venantum
1033 1315 1228 1361 vulnere
1253 1327 1420 1377 pectus

275 1393 377 1426 tum
404 1380 599 1426 demum
627 1393 785 1427 movet
813 1398 939 1427 arma
964 1381 1056 1437 leo,
1082 1381 1351 1444 gaudetque
1377 1393 1622 1429 comantes

275 1446 521 1493 excutiens
548 1447 733 1493 cervice
762 1461 901 1504 toros,
931 1447 1172 1512 fixumque
1198 1446 1392 1494 latronis

274 1513 521 1576 inpavidus
547 1512 721 1576 frangit
750 1514 921 1570 telum,
948 1527 994 1560 et
1020 1513 1180 1561 fremit
1204 1531 1283 1560 ore
1310 1527 1508 1561 cruento
1533 1533 1543 1560 ε

274 1580 402 1627 haud
427 1597 560 1627 secus
586 1597 787 1627 accenso
816 1581 972 1642 gliscit
997 1580 1222 1628 violentia
1248 1581 1434 1627 Turno.

276 1659 379 1692 tum
406 1647 471 1694 sic
497 1647 682 1695 adfatur
709 1664 885 1708 regern,
915 1661 1056 1712 atque
1083 1647 1147 1694 ita
1173 1647 1389 1694 turbidus
1415 1647 1522 1695 infit
1545 1665 1555 1694 :
1668 1672 1707 1693 10

241 1718 255 1738 ‘
276 1713 409 1759 nulla
456 1731 586 1760 mora
634 1715 683 1760 in
735 1714 907 1760 Turno
930 1736 945 1772 ;
994 1714 1115 1761 nihil
1158 1727 1242 1771 est,
1285 1713 1414 1777 quod
1459 1714 1587 1760 dicta
1633 1731 1705 1761 re-

413 1792 620 1827 tractent

277 1846 431 1906 ignavi
455 1847 722 1904 Aeneadae,
752 1863 856 1905 nec,
885 1865 1003 1911 quae
1028 1848 1267 1911 pepigere,
1291 1860 1530 1895 recusent.

277 1913 571 1972 congredior.
644 1913 715 1960 fer
741 1931 880 1972 sacra,
906 1928 1054 1978 pater,
1081 1927 1126 1960 et
1153 1914 1352 1977 concipe
1378 1913 1563 1960 foedus.

277 1992 356 2026 aut
381 1981 468 2026 hac
496 1980 791 2027 Dardanium
818 1981 980 2028 dextra
1008 1982 1094 2027 sub
1119 1982 1319 2027 Tartara
1342 1981 1547 2037 mittam,

277 2046 560 2093 desertorem
586 2047 1008 2105 Asiae,-—sedeant
1034 2060 1347 2112 spectentque
1372 2046 1602 2094 Latini—

279 2125 326 2159 et
351 2113 476 2159 solus
503 2113 624 2160 ferro
651 2114 831 2162 crimen
859 2132 1114 2163 commune
1139 2115 1354 2162 refellam
1375 2134 1389 2169 ;

279 2192 357 2225 aut
382 2180 554 2227 habeat
578 2181 745 2240 victos,
774 2183 912 2229 cedat
938 2182 1135 2230 Lavinia
1160 2181 1402 2229 coniunx?

345 2246 429 2293 olli
457 2247 618 2294 sedato
643 2249 888 2324 respondit
914 2250 1053 2297 corde
1079 2249 1314 2296 Latinus:

248 2316 307 2358 ‘o
332 2327 569 2374 praestans
597 2315 744 2362 animi
771 2316 968 2372 iuvenis,
994 2329 1228 2391 quantum
1253 2315 1350 2379 ipse
1376 2314 1524 2362 feroci

278 2379 455 2425 virtute
483 2397 746 2444 exsuperas,
775 2394 909 2428 tanto
935 2400 1011 2428 me
1037 2382 1280 2445 inpensius
1307 2397 1511 2444 aequum
1538 2394 1608 2428 est
1666 2406 1707 2427 20

279 2446 527 2492 consulere
554 2459 693 2510 atque
719 2464 882 2494 omnes
909 2460 1205 2495 metuentem
1231 2447 1497 2510 expendere
1524 2465 1669 2495 casus.

282 2525 393 2559 sunt
419 2512 505 2558 tibi
531 2529 672 2574 regna
697 2513 840 2576 patris
867 2514 1044 2572 Dauni,
1072 2525 1182 2560 sunt
1208 2514 1381 2588 oppida
1405 2527 1542 2576 capta

282 2578 433 2626 multa
460 2595 640 2626 manu·
628 2615 642 2634 ,
679 2596 767 2626 nec
798 2597 896 2626 non
931 2597 1193 2643 aurumque
1227 2580 1505 2644 animusque
1531 2580 1706 2628 Latino

419 2659 500 2692 est.

283 2724 394 2758 sunt
419 2711 538 2759 aliae
563 2712 795 2775 innuptae
822 2713 962 2761 Latio
989 2727 1036 2761 et
1061 2713 1379 2761 Laurentibus
1405 2713 1536 2774 agris,
