1866 3208
278 205 353 245 312
725 196 768 235 P.
798 195 1032 234 VERGILI
1062 197 1320 234 MARONIS

343 302 566 349 Euandro
589 320 599 349 :
636 302 825 365 qualem
851 303 1039 360 meruit,
1067 303 1277 350 Pallanta
1301 302 1504 350 remitto.

340 368 550 432 quisquis
571 370 718 414 honos
744 368 933 425 tumuli,
953 369 1184 432 quidquid
1203 370 1409 416 solamen
1435 370 1661 417 humandi
1682 383 1764 426 est,

341 435 525 496 largior.
596 435 721 480 haud
746 434 815 480 illi
843 435 1031 482 stabunt
1055 437 1236 483 Aeneia
1261 453 1403 498 parvo

340 500 570 563 hospitia.’
642 514 688 547 et
715 501 846 547 laevo
872 502 1034 564 pressit
1059 504 1193 565 pede,
1219 502 1326 549 talia
1351 503 1485 558 fatus,

340 567 627 623 exanimem,
652 567 836 629 rapiens
862 568 1072 615 inmania
1097 570 1302 631 pondera
1326 568 1481 626 baltei,

341 634 699 696 inpressumque
727 635 890 681 nefas:
930 652 1022 682 una
1047 637 1131 682 sub
1157 650 1296 682 nocte
1323 635 1464 696 iugali

341 718 469 747 caesa
495 717 658 747 manus
685 701 911 748 iuvenum
940 702 1090 758 foede,
1119 702 1404 765 thalamique
1431 702 1635 758 cruenti,

340 783 458 830 quae
485 767 667 813 Clonus
695 767 941 829 Eurytides
968 770 1120 815 multo
1145 770 1401 816 caelaverat
1426 785 1537 815 auro
1561 787 1571 815 ε

341 851 435 897 quo
461 851 591 880 nunc
620 834 814 880 Turnus
841 849 947 882 ovat
974 836 1122 898 spolio
1147 837 1409 898 gaudetque
1435 835 1621 897 potitus.
1710 859 1770 888 500

341 900 498 947 nescia
523 917 654 946 mens
680 901 932 948 hominum
959 901 1041 949 fati
1068 903 1292 966 sortisque
1319 903 1517 958 futurae,

342 981 388 1013 et
414 984 590 1013 servare
618 968 826 1023 modum,
856 968 992 1015 rebus
1019 969 1198 1015 sublata
1222 969 1437 1015 secundis
1461 969 1469 1016 ἱ

342 1034 512 1080 Turno
538 1047 723 1095 tempus
749 1034 853 1090 erit,
881 1051 1050 1095 magno
1077 1052 1186 1082 cum
1213 1036 1441 1098 optaverit
1466 1047 1680 1096 emptum

341 1100 575 1147 intactum
603 1101 830 1157 Pallanta,
857 1114 902 1147 et
929 1118 1037 1148 cum
1065 1102 1210 1164 spolia
1235 1103 1319 1148 ista
1349 1103 1569 1165 diemque

342 1167 509 1214 oderit.
579 1180 623 1213 at
648 1167 759 1213 socii
787 1168 938 1214 multo
964 1169 1143 1229 gemitu
1170 1169 1465 1232 lacrimisque

342 1234 598 1296 inpositum
625 1247 757 1280 scuto
782 1235 992 1281 referunt
1022 1235 1232 1282 Pallanta
1258 1236 1539 1299 frequenteS.

342 1318 370 1347 o
395 1301 526 1347 dolor
551 1313 688 1363 atque
714 1301 856 1347 decus
884 1318 1108 1362 magnum
1135 1302 1337 1348 rediture
1363 1302 1547 1364 parenti
1571 1302 1579 1347 i

343 1369 457 1414 haec
486 1379 531 1414 te
557 1367 706 1429 prima
729 1368 826 1414 dies
853 1369 976 1414 bello
1003 1369 1150 1425 dedit,
1175 1370 1288 1414 haec
1316 1369 1477 1415 eadem
1503 1369 1671 1423 aufert,

344 1451 455 1481 cum
482 1447 639 1481 tamen
666 1435 878 1495 ingentes
906 1436 1197 1481 Rutulorum
1224 1435 1398 1498 linquis
1424 1451 1610 1481 acervos
1634 1435 1642 1481 !

411 1518 499 1547 nec
529 1501 620 1547 iam
647 1502 769 1548 fama
793 1502 903 1547 mali
933 1502 1067 1559 tanti,
1095 1502 1173 1548 sed
1199 1501 1369 1548 certior
1394 1515 1555 1548 auctor
1714 1526 1775 1554 510

344 1569 526 1614 advolat
552 1569 760 1624 Aeneae,
787 1569 917 1615 tenui
944 1568 1214 1615 discrimine
1242 1568 1322 1614 leti

345 1652 440 1682 esse
466 1652 569 1682 suos
592 1656 605 1692 ;
644 1647 843 1697 tenipus,
871 1636 1009 1681 versis
1036 1652 1307 1682 succurrere
1335 1634 1553 1682 Teucris.

345 1701 557 1764 proxima
581 1719 793 1764 quaeque
820 1702 957 1748 metit
982 1702 1151 1762 gladio,
1178 1703 1417 1765 latumque
1445 1719 1526 1763 per
1551 1717 1717 1761 agmen

346 1768 508 1814 ardens
535 1768 737 1814 limitem
765 1768 858 1829 agit
886 1769 1020 1824 ferro,
1049 1782 1108 1824 te,
1138 1769 1320 1825 Turne,
1348 1768 1601 1830 superbum

346 1835 488 1882 caede
516 1852 635 1881 nova
659 1852 899 1898 quaerens.
975 1836 1138 1891 Pallas,
1168 1836 1401 1891 Euander,
1429 1835 1478 1881 in
1505 1835 1612 1897 ipsis

345 1902 504 1948 omnia
529 1915 639 1948 sunt
664 1902 825 1958 oculis,
854 1919 1056 1958 mensae,
1084 1919 1195 1964 quas
1222 1902 1399 1948 advena
1423 1902 1592 1964 primas

347 1982 461 2016 tunc
488 1968 618 2024 adiit,
643 1969 929 2031 dextraeque
957 1969 1103 2015 datae.
1176 1969 1401 2015 Sulmone
1427 1982 1603 2015 creatos

346 2048 566 2098 quattuor
590 2035 705 2081 hic
694 2052 902 2092 1uvenes,
933 2035 1146 2092 totidem,
1172 2052 1287 2098 quos
1313 2035 1481 2081 educat
1509 2036 1680 2091 Ufens,

347 2103 558 2148 viventes
583 2102 717 2165 rapit,
745 2103 931 2148 inferias
959 2120 1073 2165 quos
1099 2073 1299 2148 irimolet
1325 2102 1515 2156 umbriS,

347 2169 627 2232 captivoque
652 2169 750 2230 rogi
779 2170 1031 2231 perfundat
1057 2169 1278 2229 sanguine
1305 2168 1528 2215 flammas.
1715 2194 1776 2223 520

346 2236 457 2281 inde
486 2236 635 2296 Mago
661 2237 825 2297 procul
853 2236 1084 2282 infensam
1111 2236 1418 2282 contenderat
1445 2237 1637 2282 hastam.

347 2302 429 2347 ille
455 2314 552 2348 astu
580 2303 704 2348 subit
727 2323 740 2358 3
777 2316 820 2349 at
847 2303 1144 2349 tremibunda
1168 2303 1429 2364 supervolat
1454 2303 1581 2348 hasta
1604 2321 1617 2356 ;

347 2380 393 2415 et
418 2384 570 2428 genua
596 2370 885 2430 amplectens
911 2369 1079 2415 effatur
1105 2368 1213 2414 talia
1239 2368 1432 2431 supplex
1459 2387 1468 2414 :

347 2452 429 2497 per
455 2435 625 2496 patrios
654 2435 824 2482 Manes
849 2448 896 2481 et
922 2452 1021 2497 spes
1048 2435 1277 2495 surgentis
1304 2435 1396 2480 Iuli

348 2515 393 2548 te
419 2518 600 2563 precor,
625 2503 745 2547 hanc
773 2501 977 2548 animam
1003 2518 1153 2547 serves
1179 2515 1383 2564 natoque
1408 2501 1636 2565 patrique.

348 2581 414 2614 est
438 2567 605 2614 domus
630 2568 722 2614 alta
745 2587 757 2624 ;
793 2568 952 2614 iacent
975 2567 1164 2630 penitus
1189 2568 1367 2614 defossa
1392 2569 1567 2615 talenta

348 2634 513 2681 caelati
539 2635 718 2695 argenti
741 2653 755 2688 ;
793 2647 898 2680 sunt
924 2634 1020 2680 auri
1046 2634 1251 2697 pondera
1277 2635 1388 2681 facti

688 2723 757 2762 521
792 2712 982 2750 infestam.
1095 2722 1168 2761 522
1198 2724 1258 2749 en.
1316 2725 1369 2749 ac.
