1861 3256
586 211 864 249 AENEIDos
894 211 998 250 LIB.
1026 210 1091 248 111
1522 221 1594 263 145

155 321 417 384 accipiunt,
444 319 686 382 celerique
712 319 822 378 fuga
850 318 932 364 sub
961 318 1111 364 sidera
1137 317 1295 379 lapsae

154 405 385 437 semesam
409 386 635 450 praedam
662 397 709 431 et
732 384 932 446 vestigia
958 385 1099 431 foeda
1124 383 1423 447 relinquunt.

154 473 249 503 una
275 455 326 501 in
351 453 592 517 praecelsa
619 451 839 499 consedit
864 469 982 514 rupe
1010 451 1243 509 Celaeno,

154 522 329 569 infelix
354 533 499 578 vates,
525 518 803 582 rumpitque
830 519 955 564 hanc
980 531 1177 580 pectore
1202 533 1372 564 vocem
1397 534 1408 563 ε

123 589 338 636 ‘bellum
366 587 509 635 etiam
533 603 618 649 pro
646 585 792 633 caede
820 585 966 631 boum
993 584 1244 648 stratisque
1269 582 1500 641 iuvencis»,

155 654 612 711 Laomedontiadae,
639 652 890 699 bellumne
916 651 1094 698 inferre
1119 651 1293 714 paratis

158 736 205 769 et
229 722 384 797 patrio
412 720 649 784 Harpyias
675 719 890 765 insontes
915 718 1100 781 pellere
1127 721 1310 779 regno?

157 789 362 852 accipite
391 805 499 849 ergo
525 786 695 835 animis
721 800 863 850 atque
889 786 1008 831 haec
1034 802 1140 831 mea
1166 785 1297 845 figite
1323 784 1468 842 dicta,
1541 806 1604 837 250

157 873 279 921 quae
341 855 537 902 Phoebo
599 855 739 901 Pater
798 852 1122 915 omnipotens,
1183 851 1302 898 mihi
1377 850 1602 898 Phoebus

290 923 470 985 Apollo

156 989 412 1053 praedixit,
440 987 573 1035 vobis
601 987 849 1034 Furiarum
880 1003 964 1048 ego
995 985 1203 1032 maxima
1229 985 1405 1048 pando.

157 1056 349 1103 Italiam
376 1072 513 1102 cursu
540 1054 720 1118 petitis,
747 1053 1000 1117 ventisque
1025 1053 1204 1100 vocatis

158 1123 287 1170 ibitis
314 1122 507 1169 Italiam
533 1135 794 1196 portusque
821 1121 1000 1167 intrare
1027 1120 1196 1167 licebit
1218 1140 1231 1176 3

159 1190 242 1237 sed
268 1207 366 1236 non
394 1203 506 1236 ante
534 1189 694 1236 datam
722 1188 923 1250 cingetis
950 1187 1202 1234 moenibus
1229 1186 1412 1243 urbem,

161 1274 303 1321 quam
328 1275 409 1304 vos
437 1257 538 1303 dira
565 1257 714 1303 fames
743 1266 1027 1318 nostraeque
1053 1253 1228 1300 iniuria
1256 1252 1415 1300 caedis

163 1325 372 1371 ambesas
401 1323 585 1384 subigat
611 1323 748 1369 malis
776 1323 1023 1369 absumere
1049 1320 1269 1368 mensas.²

164 1391 302 1448 dixit,
332 1405 378 1438 et
403 1391 454 1436 in
482 1390 649 1436 silvam
677 1389 841 1452 pinnis
868 1389 1025 1435 ablata
1052 1388 1244 1449 refugit.

164 1472 211 1505 at
237 1458 375 1505 sociis
402 1457 556 1504 subita
581 1456 768 1518 gelidus
795 1455 1056 1502 formidine
1082 1454 1268 1515 sanguis

163 1524 370 1586 deriguit
395 1543 405 1571 ε
445 1523 663 1571 cecidere
693 1523 859 1581 animi,
887 1539 977 1569 nec
1004 1522 1099 1568 iam
1126 1520 1331 1584 amplius
1359 1518 1496 1566 armis
1549 1533 1611 1565 260

164 1593 245 1639 sed
271 1591 392 1638 votis
417 1591 739 1666 precibusque
768 1590 939 1636 iubent
967 1605 1223 1651 exposcere
1248 1603 1436 1649 pacem,

164 1659 261 1706 sive
287 1659 405 1705 deae
432 1675 512 1704 seu
540 1657 636 1703 sint
663 1657 793 1703 dirae
827 1657 1161 1717 obscenaeque
1185 1655 1420 1700 volucres.

165 1739 212 1772 et
235 1739 372 1789 pater
396 1724 633 1771 Anchises
660 1722 806 1786 passis
835 1723 895 1768 de
921 1721 1064 1768 litore
1088 1720 1261 1784 palmis

163 1793 363 1839 numina
390 1808 558 1852 magna
585 1804 725 1837 vocat
751 1789 1046 1852 meritosque
1072 1788 1248 1835 indicit
1272 1789 1513 1835 honores:

131 1860 207 1906 ‘di
233 1859 489 1922 prohibete
516 1857 700 1904 minas·
688 1895 702 1914 ‚
740 1856 788 1903 di
819 1856 966 1903 talem
993 1855 1194 1902 avertite
1221 1872 1382 1902 casum

165 1941 212 1973 et
236 1926 416 1989 placidi
443 1938 625 1972 servate
650 1924 787 1987 pios?
862 1936 965 1970 tum
991 1923 1133 1969 litore
1159 1923 1329 1969 funem

164 1993 383 2056 deripere
411 2010 552 2039 excus
536 2009 725 2055 „sosque
751 1991 887 2038 iubet
915 1991 1075 2037 laxare
1100 1990 1342 2037 rudentes,

166 2061 375 2107 tendunt
399 2060 506 2106 vela
532 2059 687 2116 Noti3
725 2058 933 2119 fugimus
962 2057 1296 2121 spumantibus
1322 2055 1478 2113 undis,

165 2146 257 2190 qua
284 2143 473 2174 cursum
499 2139 768 2188 ventusque
795 2126 1183 2187 gubernatorque
1210 2123 1427 2169 vocabat.

165 2194 260 2241 iam
287 2194 448 2240 medio
476 2206 672 2256 apparet
698 2192 849 2238 fluctu
878 2209 1128 2238 nemorosa
1156 2191 1439 2253 Zacynthos
1555 2212 1616 2243 270

167 2261 550 2324 Dulichiumque
579 2260 816 2322 Sameque
845 2273 891 2307 et
916 2258 1115 2311 Neritos
1143 2258 1288 2304 ardua
1316 2256 1454 2304 saxis.

171 2328 416 2388 effugimus
445 2327 664 2389 scopulos
692 2327 904 2384 Ithacae,
932 2325 1122 2372 Laertia
1147 2342 1307 2386 regna,

172 2407 218 2440 et
244 2407 415 2441 terram
441 2395 659 2441 altricem
687 2393 812 2440 saevi
843 2410 1143 2440 exsecramur
1169 2391 1328 2438 Ulixi.

171 2477 283 2506 mox
312 2474 357 2507 et
382 2462 623 2508 Leucatae
650 2460 869 2507 nimbosa
895 2459 1146 2507 cacumina
1172 2457 1350 2505 montis

174 2540 220 2573 et
246 2527 525 2574 formidatus
552 2527 710 2574 nautis
735 2527 946 2590 aperitur
971 2527 1168 2590 Apollo.

172 2595 303 2640 hunc
329 2594 533 2656 petimus
560 2594 668 2641 fessi
698 2607 745 2641 et
768 2612 942 2657 parvae
969 2593 1268 2641 succedimus
1295 2590 1430 2647 urbi;

175 2678 347 2708 ancora
372 2660 432 2707 de
456 2679 593 2723 prora
618 2662 805 2720 iacitur,
834 2674 960 2708 stant
985 2661 1127 2708 litore
1152 2676 1353 2724 puppes.

720 2739 794 2776 268
826 2739 998 2777 ferimur.

872 2810 898 2839 L
