1866 3208
253 229 331 270 272
702 221 747 259 P.
776 219 1010 258 VERGILI
1028 221 1300 262 vMARONIS

320 344 476 386 aurea,
503 327 585 374 sed
609 325 759 373 fluctu
786 326 1070 388 spumabant
1095 327 1282 374 caerula
1308 344 1428 374 cano
1451 348 1464 385 ;

321 407 368 442 et
393 394 574 441 circum
601 405 796 453 argento
822 392 935 439 clari
961 393 1210 457 delphines
1235 394 1286 440 in
1311 395 1474 440 orbem

321 477 522 523 aequora
547 459 798 505 verrebant
823 459 984 506 caudis
1010 474 1288 524 aestumque
1314 461 1553 508 secabant.

318 528 369 575 in
395 526 555 572 medio
581 525 747 572 classes
775 540 966 585 aeratas,
990 528 1130 574 Actia
1156 528 1297 585 bella,

319 609 512 641 cernere
539 605 653 650 erat,
681 604 931 655 totumque
955 593 1190 641 instructo
1219 595 1376 640 Marte
1402 595 1584 641 videres

318 661 499 707 fervere
525 659 772 705 Leucaten
801 677 1007 723 auroque
1033 661 1257 722 effulgere
1284 660 1473 708 fluctus,

316 726 432 773 hinc
457 727 697 786 Augustus
724 742 862 787 agens
889 727 1070 773 Italos'
1058 745 1109 773 1n
1135 727 1316 790 proelia
1343 727 1516 773 Caesar

318 809 429 839 cum
453 792 666 867 patribus
690 793 968 856 populoque
997 793 1253 840 Penatibus
1281 806 1328 840 et
1353 793 1534 854 magnis
1560 793 1647 852 dis,

318 873 443 906 stans
469 858 630 905 celsa
619 876 669 905 1n
694 859 883 922 puppi;
918 860 1127 920 geminas
1154 860 1231 907 cui
1259 873 1473 935 tempora
1499 859 1707 907 flammas

317 926 441 972 laeta
466 938 683 982 vomunt,
706 926 1011 1000 patriumque
1037 927 1244 989 aperitur
1267 927 1448 974 vertice
1473 926 1614 975 sidus.
1687 942 1744 975 681

315 1006 448 1056 parte
475 992 566 1038 alia
591 992 746 1038 ventis
773 1005 820 1039 et
845 993 914 1038 dis
939 993 1146 1056 Agrippa
1171 994 1390 1040 secundis

318 1059 486 1106 arduus
512 1075 680 1119 agmen
707 1075 847 1119 agens
869 1078 884 1114 ς
920 1059 1012 1118 cui,
1039 1060 1155 1106 belli
1182 1060 1364 1121 insigne
1390 1061 1665 1122 superbum,

318 1140 531 1188 tempora
556 1125 714 1171 navali
743 1125 925 1185 fulgent
950 1138 1146 1173 rostrata
1173 1144 1362 1174 corona.

317 1193 429 1239 hinc
456 1209 546 1255 ope
573 1191 815 1238 barbarica
841 1192 1076 1255 variisque
1100 1193 1340 1239 Antonius
1365 1194 1521 1252 armis,

317 1260 469 1306 victor
495 1259 552 1304 ab
577 1260 790 1304 Aurorae
815 1259 1006 1320 populis
1034 1272 1081 1305 et
1107 1260 1245 1306 litore
1270 1261 1428 1318 rubro,

316 1327 586 1387 Aegyptum
613 1325 830 1388 viresque
860 1325 1072 1372 Orientis
1100 1339 1146 1373 et
1173 1326 1342 1372 ultima
1368 1343 1529 1373 secum

319 1393 485 1438 Bactra
507 1392 639 1437 vehit
663 1412 676 1448 ;
712 1391 1037 1454 sequiturque,
1060 1393 1188 1438 nefas
1213 1393 1222 1439 !
1262 1393 1496 1455 Aegyptia
1516 1392 1743 1441 coniunx.

318 1476 411 1506 una
436 1475 599 1505 omnes
626 1475 780 1516 ruere,
808 1475 861 1505 ac
889 1472 1043 1505 totum
1070 1475 1286 1521 spumare
1311 1459 1519 1505 reductis

317 1526 598 1573 convulsum
619 1525 757 1572 remis
784 1525 1036 1588 rostrisque
1064 1525 1350 1572 tridentibus
1376 1542 1566 1588 aequor.
1686 1542 1749 1582 690

317 1593 412 1639 alta
440 1605 651 1654 petunt3
688 1593 861 1654 pelago
887 1592 1087 1638 credas
1076 1609 1245 1638 innare
1270 1592 1476 1639 revulsas

318 1659 552 1721 Cycladas
578 1672 658 1705 aut
684 1673 869 1705 montes
897 1676 1179 1705 concurrere
1206 1659 1445 1705 montibus
1471 1659 1588 1705 altos
1613 1678 1622 1706 :

317 1739 447 1772 tanta
473 1726 601 1771 mole
627 1725 713 1771 viri
742 1725 919 1772 turritis
946 1726 1185 1787 puppibus
1211 1726 1404 1772 instant.

317 1806 513 1854 stuppea
539 1791 727 1837 flamma
753 1808 897 1838 manu
927 1792 1128 1854 telisque
1152 1792 1346 1838 volatile
1373 1793 1552 1838 ferrum

317 1859 583 1933 spargitur3
621 1876 726 1904 arva
753 1875 874 1904 nova
901 1858 1153 1920 Neptunia
1179 1858 1323 1905 caede
1348 1858 1623 1906 rubescunt.

318 1925 478 1986 regina
502 1925 551 1970 in
579 1925 746 1970 mediis
772 1925 924 1987 patrio
949 1938 1089 1971 vocat
1115 1925 1300 1985 agmina
1327 1925 1496 1982 sistro;

319 1992 526 2038 necdum
555 1991 697 2037 etiam
724 1991 936 2051 geminos
963 2008 987 2037 a
1013 2004 1143 2051 tergo
1168 1992 1361 2053 respicit
1388 2008 1574 2052 angues.

318 2058 726 2120 omnigenumque
753 2058 895 2103 deum
921 2072 1129 2104 monstra
1158 2070 1204 2104 et
1228 2058 1421 2104 latrator
1444 2059 1629 2104 Anubis

319 2138 484 2172 contra
510 2125 798 2186 Neptunum
827 2138 872 2170 et
897 2124 1139 2171 Venerem
1166 2138 1427 2187 contraque
1456 2125 1728 2171 Minervam

320 2192 412 2238 tela
439 2205 623 2238 tenent.
694 2191 840 2237 saevit
866 2191 1025 2237 medio
1050 2191 1100 2237 in
1127 2190 1391 2238 certamine
1419 2192 1612 2237 Mavors
1685 2215 1748 2246 700

320 2259 524 2304 caelatus
552 2258 689 2316 ferro,
719 2258 968 2320 tristesque
997 2275 1052 2304 ex
1080 2260 1268 2304 aethere
1294 2258 1440 2304 Dirae
1463 2278 1478 2314 ;

321 2338 367 2371 et
393 2325 530 2370 scissa
555 2325 762 2385 gaudens
788 2325 918 2371 vadit
943 2325 1193 2371 Discordia
1218 2324 1359 2386 palla,

320 2408 462 2454 quam
488 2407 597 2437 cum
624 2391 884 2451 sanguineo
910 2391 1121 2453 sequitur
1148 2391 1348 2436 Bellona
1374 2389 1577 2450 flagello.

318 2457 486 2504 Actius
511 2458 629 2503 haec
657 2474 855 2503 cernens
882 2474 1040 2502 arcum
1066 2456 1349 2502 intendebat
1372 2457 1549 2518 Apollo

321 2524 522 2586 desuper
548 2541 559 2571 :
597 2523 749 2570 omnis
775 2540 831 2569 eo
857 2536 1030 2569 terrore
1054 2523 1297 2584 Aegyptus
1324 2535 1371 2568 et
1396 2522 1520 2580 Indi,

321 2590 474 2637 omnis
499 2590 662 2648 Arab3‚
689 2607 853 2636 omnes
877 2589 1128 2636 vertebant
1152 2602 1279 2649 terga
1306 2588 1488 2636 Sabaei.

321 2657 420 2721 ipsa
445 2657 694 2704 videbatur
717 2656 870 2702 ventis
896 2655 1057 2716 regina
1081 2656 1258 2702 vocatis

496 2738 572 2787 672
603 2737 810 2788 spumabat.
918 2748 994 2785 700
1023 2743 1168 2775 tenens.
1278 2748 1351 2785 701
1386 2738 1499 2775 divae.
