1866 3208
271 230 348 269 282
720 230 764 268 P.
793 216 1033 267 VERGILI‘
1057 229 1314 268 MARoNJs

337 338 568 400 Euryalus
593 356 604 384 :
644 341 749 383 ‘me
774 337 908 384 nulla
932 337 1031 384 dies
1058 350 1154 384 tam
1179 338 1379 384 fortibus
1405 337 1524 385 ausis

336 405 614 451 dissimilem
640 403 881 464 arguerit;
917 416 1101 452 tantum
1126 405 1317 451 fortuna
1344 405 1552 451 secunda

335 471 464 517 haud
490 471 680 516 adversa
706 470 858 517 cadat.
929 471 1011 517 sed
1034 485 1081 519 te
1108 489 1246 533 super
1270 471 1431 517 omnia
1456 471 1581 517 dona

337 554 486 583 unum
512 553 594 582 oro
618 554 628 583 :
665 537 881 597 genetrix
909 537 1080 584 Priami
1107 538 1167 584 de
1193 551 1334 599 gente
1359 550 1542 584 vetusta

339 617 404 650 est
429 602 563 658 mihi,
591 620 732 665 quam
758 604 972 650 miseram
998 604 1152 651 tenuit
1178 622 1275 651 non
1303 604 1393 650 Ilia
1420 605 1560 651 tellus

336 686 525 716 mecum
552 670 885 728 excedentem,
911 687 1008 716 non
1033 671 1221 717 moenia
1247 670 1366 731 regis
1392 673 1610 718 Acestae.

336 738 461 782 hanc
490 753 575 796 ego
596 753 726 783 nunc
753 736 959 797 ignaram
978 737 1117 784 huius
1138 737 1475 801 quodcumque
1499 737 1666 799 pericli
1694 750 1762 784 est

337 803 484 865 inque
509 803 759 850 salutatam
785 804 985 866 linquo·
972 841 986 861 ,
1024 821 1118 850 nox
1147 817 1194 850 et
1219 818 1298 850 tua
1324 804 1455 850 testis

337 870 545 926 dextera,
573 869 700 932 quod
726 887 961 932 nequeam
986 870 1202 917 lacrimas
1229 871 1434 933 perferre
1459 870 1686 933 parentis.

337 949 383 982 at
409 949 475 993 tu,
503 953 601 992 0r0,
627 936 775 982 solare
800 937 995 998 inopem
1023 950 1069 983 et
1096 954 1314 984 succurre
1339 937 1553 985 relictae.
1705 961 1765 993 290

337 1004 459 1048 hanc
487 1002 587 1048 sine
614 1019 691 1048 me
717 1019 848 1065 spem
874 1003 995 1049 ferre
1022 1002 1089 1050 tui
1115 1022 1125 1051 :
1164 1004 1414 1050 audentior
1438 1004 1517 1050 ibo

337 1070 387 1115 in
414 1086 544 1116 casus
570 1068 764 1116 omnes.'
833 1086 1050 1132 percussa
1074 1084 1235 1117 mente
1261 1071 1435 1117 dedere

338 1135 644 1183 Dardanidae
670 1135 922 1182 lacrimas·
910 1156 923 1192 ;
961 1149 1071 1183 ante
1096 1154 1260 1183 omnes
1286 1138 1489 1199 pulcher
1514 1137 1662 1194 Iulus,
1864 1157 1866 1179 ι

339 1216 480 1266 atque
508 1203 720 1249 animum
746 1202 922 1264 patriae
953 1203 1140 1250 strinxit
1164 1203 1351 1266 pietatis
1377 1220 1546 1264 2.mago

340 1283 440 1316 tum
465 1270 530 1316 sic
558 1270 760 1316 effatur:

339 1337 518 1399 sponde
544 1337 686 1397 digna
714 1336 803 1382 tuis
829 1336 1100 1397 ingentibus
1125 1336 1284 1383 omnia
1311 1337 1509 1399 coeptiS.

340 1420 544 1466 namque
574 1404 660 1450 erit
686 1403 772 1449 ista
797 1403 913 1450 mihi
939 1403 1172 1464 genetrix,
1201 1419 1475 1466 nomenque
1502 1403 1709 1450 Creusae

339 1470 491 1516 solum
517 1470 738 1526 defuerit,
763 1487 852 1516 nec
877 1483 1066 1532 partum
1091 1470 1237 1531 gratia
1264 1469 1410 1516 talem

338 1555 479 1600 parva
505 1550 682 1584 manet.
754 1554 882 1583 casus
909 1537 1090 1583 facturn
1116 1536 1403 1600 quicumque
1430 1549 1700 1599 sequentur,

337 1621 422 1666 per
448 1617 590 1666 caput
616 1604 744 1650 hoc
733 1621 850 1661 ιιιιο,
877 1621 961 1666 per
985 1604 1113 1666 quod
1138 1617 1270 1665 pater
1295 1616 1406 1650 ante
1432 1603 1611 1649 solebat
1635 1621 1644 1649 :
1706 1627 1768 1656 300

339 1687 459 1733 quae
487 1671 571 1717 tibi
597 1670 827 1733 polliceor
854 1670 1015 1717 reduci
1044 1671 1275 1733 rebusque
1302 1669 1538 1726 secundis,

339 1739 457 1782 haec
486 1737 651 1783 eadem
677 1737 909 1799 matrique
937 1749 1046 1783 tuae
1071 1736 1327 1798 generique
1353 1737 1648 1782 manebunt.'

340 1803 404 1850 sic
431 1803 495 1849 ait
519 1803 859 1849 inlacrimans·
847 1824 860 1860 3
897 1820 1061 1849 umero
1086 1803 1225 1849 simul
1253 1802 1383 1849 exuit
1409 1819 1571 1849 ensem

341 1884 568 1926 auratum,
596 1869 712 1916 mira
739 1887 879 1932 quern
907 1870 1084 1916 fecerat
1110 1883 1206 1916 arte
1234 1871 1429 1931 Lycaon

342 1936 549 1983 Gnosius
575 1951 714 1999 atque
741 1937 952 1983 habilem
978 1937 1146 1997 vagina
1173 1949 1354 1999 aptarat
1380 1937 1575 1983 eburna.

341 2003 422 2049 dat
448 2004 569 2049 Niso
598 2004 882 2049 Mnestheus
908 2004 1088 2065 pellem
1112 2004 1453 2066 horrentesque
1478 2003 1633 2050 leonis

342 2069 566 2126 exuvias;
602 2071 783 2144 galeam
811 2069 929 2116 fidus
955 2083 1193 2132 permutat
1217 2070 1398 2117 Aletes,

340 2136 555 2211 protinus
581 2136 744 2182 armati
772 2136 1042 2194 incedunt;
1079 2154 1194 2211 quos
1220 2136 1373 2182 omnis
1399 2149 1565 2184 euntes

340 2203 599 2265 primorum
625 2220 792 2250 manus
817 2203 876 2249 ad
900 2217 1070 2266 portaS,
1098 2204 1422 2266 iuvenumque
1447 2219 1726 2265 senumque,

341 2270 642 2332 prosequitur
666 2270 802 2318 votis.
874 2287 963 2317 nec
992 2287 1088 2316 non
1117 2282 1163 2317 et
1186 2271 1388 2332 pulcher
1413 2270 1559 2327 Iulus,
1706 2293 1768 2322 310

342 2348 452 2382 ante
478 2353 627 2382 annos
652 2337 962 2399 animumque
986 2354 1153 2397 gerens
1178 2353 1434 2398 curamque
1459 2335 1663 2393 virilem,

341 2403 493 2449 multa
517 2403 637 2464 patri
662 2403 884 2449 mandata
910 2403 1051 2449 dabat
1075 2403 1306 2477 portanda
1329 2423 1342 2458 3
1379 2402 1459 2448 sed
1485 2419 1622 2449 aurae

342 2468 502 2515 omnia
527 2469 803 2531 discerpunt
830 2482 876 2515 et
902 2469 1107 2515 nubibus
1132 2468 1272 2515 inrita
1298 2468 1496 2516 donant.

411 2535 576 2596 egressi
603 2548 825 2598 superant
852 2536 992 2582 fossas
1017 2535 1266 2598 noctisque
1291 2552 1375 2597 per
1401 2536 1617 2582 umbram

343 2616 491 2649 castra
517 2602 713 2648 inimica
738 2615 926 2664 petunt,
953 2602 1115 2648 multis
1143 2615 1302 2648 tamen
1330 2616 1439 2648 ante
1465 2601 1612 2648 futuri

345 2668 507 2715 exitio.
575 2668 747 2731 passim
773 2686 938 2715 somno
962 2669 1170 2731 vinoque
1195 2686 1280 2731 per
1303 2669 1497 2715 herbam

923 2748 996 2797 283
1029 2755 1105 2786 aut.
