1861 3256
542 275 819 314 AENEmos
850 276 954 314 ΜΒ.
984 276 1048 314 1v
1481 276 1550 325 153

118 399 208 433 stat
234 385 435 448 sonipes,
461 400 514 430 ac
541 383 676 428 frena
702 382 835 428 ferox
862 382 1129 445 spumantia
1155 381 1354 428 mandit.

119 453 315 500 tandem
339 449 635 516 progreditur
660 466 830 509 magna
855 450 1060 512 stipante
1087 463 1288 506 caterva,

120 520 366 567 Sidoniam
390 518 522 582 picto
547 516 854 578 chlamydem
880 516 1173 563 circumdata
1197 516 1345 562 limbo
1370 534 1381 561 ι

119 587 195 634 cui
220 589 439 649 pharetra
465 601 521 632 ex
547 601 673 641 aur0,
701 583 857 629 crines
883 584 1123 630 nodantur
1149 584 1199 629 in
1226 599 1407 640 aurum,

119 671 256 701 aurea
279 668 567 716 purpuream
594 650 835 697 subnectit
860 650 1006 696 fibula
1030 664 1226 698 vestem.

118 739 208 768 nec
237 738 334 767 non
362 734 408 767 et
436 718 627 781 Phrygii
654 717 853 764 comites
881 731 926 764 et
953 718 1103 764 laetus
1130 718 1264 764 Iulus
1497 741 1555 769 140

117 788 368 835 incedunt.
440 787 538 850 ipse
565 798 675 832 ante
702 785 816 831 alios
841 785 1194 847 pulcherrimus
1220 801 1386 830 omnes

115 855 262 901 infert
288 872 334 901 se
361 854 542 901 socium
566 854 770 910 Aeneas,
798 866 939 914 atque
967 851 1155 911 agmina
1181 852 1352 912 iungit.

116 922 268 985 qualis
296 922 376 968 ubi
402 921 652 967 hibernam
678 919 877 982 Lyciam
905 918 1186 981 Xanthique
1213 918 1393 965 fluenta

116 989 302 1045 deserit,
331 1006 383 1034 ac
410 988 592 1034 Delum
618 1000 882 1033 maternam
908 986 1071 1032 invisit
1095 986 1293 1049 Apollo,

116 1056 440 1118 instauratque
466 1056 650 1110 choros,
678 1053 914 1117 mixtique
942 1053 1105 1102 altaria
1132 1053 1314 1100 circum

117 1123 380 1185 Cretesque
407 1122 720 1184 Dryopesque
747 1122 959 1167 fremunt
985 1121 1202 1183 pictique
1229 1119 1484 1181 Agathyrsi
1511 1137 1519 1164 :

115 1191 215 1252 ipse
241 1190 359 1250 iugis
388 1188 572 1251 Cynthi
598 1188 821 1250 graditur,
850 1188 1085 1250 mollique
1110 1187 1344 1234 fluentem

115 1257 288 1303 fronde
312 1256 489 1319 premit
515 1256 700 1302 crinem
726 1255 923 1316 fingens,
953 1269 1094 1318 atque
1121 1255 1323 1317 inplicat
1349 1271 1462 1301 auro
1485 1275 1498 1310 ς

118 1325 212 1370 tela
236 1337 408 1371 sonant
433 1324 606 1370 umeris
631 1342 641 1370 ε
679 1324 807 1369 haud
832 1323 918 1368 illo
946 1322 1132 1383 segnior
1155 1322 1255 1368 ibat

116 1393 304 1437 Aeneas
327 1412 341 1448 3
376 1404 566 1438 tantum
594 1391 780 1452 egregio
806 1391 951 1437 decus
985 1389 1135 1436 enitet
1161 1406 1256 1436 ore.
1499 1413 1558 1440 150

115 1472 367 1521 postquam
393 1459 510 1504 altos
535 1473 735 1504 ventum
761 1457 811 1503 in
838 1471 1026 1503 montes
1053 1470 1194 1519 atque
1220 1455 1348 1502 invia
1375 1456 1532 1511 lustra,

118 1543 231 1572 ecce
258 1526 400 1583 ferae,
428 1524 524 1571 saxi
550 1525 766 1571 deiectae
793 1524 988 1582 vertice,
1018 1541 1187 1586 caprae

117 1594 367 1639 decurrere
394 1592 549 1653 iugis;
586 1592 676 1638 alia
701 1592 760 1638 de
786 1605 915 1654 parte
941 1604 1160 1653 patentes

118 1660 450 1706 transmittunt
476 1676 615 1706 cursu
641 1676 832 1720 campos
859 1671 999 1720 atque
1028 1657 1214 1717 agmina
1239 1657 1366 1703 cervi

109 1727 451 1790 pulverulenta
477 1726 585 1787 fuga
611 1727 880 1787 glomerant
908 1737 1193 1786 montesque
1220 1724 1518 1787 relinquunt.

117 1808 161 1840 at
183 1812 303 1856 puer
327 1793 557 1840 Ascanius
583 1792 754 1838 mediis
779 1792 829 1838 in
855 1791 1060 1838 vallibus
1087 1791 1182 1837 acri

114 1862 288 1922 gaudet
314 1878 451 1924 equo,
478 1860 668 1923 iamque
695 1861 777 1905 hos
806 1877 962 1916 cursu,
989 1858 1083 1905 iam
1109 1859 1340 1921 praeterit
1365 1859 1486 1917 illos,

116 1941 513 1991 spumantemque
539 1927 637 1974 dari
663 1944 836 1990 pecora
862 1926 987 1973 inter
1013 1926 1185 1973 inertia
1210 1927 1331 1973 votis

115 2009 247 2058 optat
273 2012 453 2058 aprum,
481 2009 562 2041 aut
587 1995 775 2041 fulvum
802 1994 1096 2040 descendere
1124 2009 1290 2041 monte
1310 1995 1520 2040 leonem.

181 2062 362 2109 interea
388 2079 557 2137 magno
583 2062 772 2108 misceri
800 2079 1044 2108 murmure
1073 2063 1261 2109 caelum
1498 2075 1559 2106 160

115 2129 323 2192 incipit3
360 2129 628 2192 insequitur
654 2129 913 2176 commixta
939 2129 1173 2190 grandine
1199 2129 1405 2176 nimbuS.

116 2210 161 2242 et
188 2197 329 2259 Tyrii
355 2196 552 2243 comites
578 2197 753 2259 passim
782 2210 828 2242 et
855 2197 1066 2243 Troiana
1091 2197 1315 2243 iuventus

116 2263 478 2327 Dardaniusque
505 2282 654 2327 nepos
680 2264 886 2310 Veneris
913 2264 1094 2311 diversa
1120 2282 1206 2327 per
1231 2281 1358 2325 agros

119 2343 243 2376 tecta
267 2345 398 2378 metu
424 2331 606 2394 petiere
631 2350 641 2378 :
678 2345 825 2378 ruunt
851 2331 911 2377 de
937 2331 1180 2378 montibus
1207 2349 1383 2379 amnes„

119 2397 393 2459 speluncam
419 2399 550 2446 Dido
576 2399 675 2445 dux
703 2412 749 2445 et
776 2398 1016 2445 Troianus
1045 2399 1244 2446 eandem

119 2464 397 2513 deveniunt.
415 2497 427 2506 -
467 2466 621 2530 prima
649 2480 694 2513 et
721 2466 895 2512 Tellus
924 2480 970 2513 et
994 2467 1213 2529 pronuba
1240 2468 1364 2514 Iuno

120 2530 235 2576 dant
260 2531 445 2591 signum
469 2553 480 2581 :
518 2535 692 2580 fulsere
719 2534 865 2594 igneS,
895 2547 942 2580 et
969 2534 1186 2581 conscius
1212 2535 1396 2581 Aether

120 2597 354 2660 conubiis,
381 2617 659 2664 summoque
686 2601 933 2647 ulularunt
959 2601 1138 2648 vertice
1164 2602 1442 2664 Nymphae.

121 2665 204 2710 ille
229 2664 328 2710 dies
352 2666 528 2727 primus
554 2668 640 2714 leti
665 2668 942 2730 primusque
967 2669 1204 2714 malorum

120 2749 257 2777 causa
281 2731 374 2779 fuit
395 2752 410 2788 3
445 2749 603 2795 neque
629 2734 758 2780 enim
784 2735 941 2796 specie
968 2735 1153 2781 famave
1179 2747 1410 2789 movetur,
1498 2757 1556 2786 170

669 2809 740 2846 168
774 2810 938 2848 conubii.
