1861 3256
264 289 314 327 34

710 278 754 315 P.
783 276 1016 314 VERGILI
1047 277 1306 316 MARONIS

327 387 409 432 has
434 385 557 432 inter
581 385 878 447 mediamque
903 384 1022 430 duae
1047 386 1321 432 mortalibus
1348 386 1490 446 aegris

328 469 525 498 munere
550 467 799 498 concessae
825 450 1000 508 divom,
1027 465 1073 498 et
1096 451 1171 498 via
1197 465 1320 498 secta
1343 470 1429 514 per
1456 452 1624 510 ambas,

328 519 545 581 obliquus
572 534 662 579 qua
688 533 733 562 se
759 516 995 576 signorum
1019 531 1222 565 verteret
1247 519 1373 565 ordo.

304 585 550 639 ‘mundus,
576 596 627 628 ut
653 582 709 628 ad
737 583 975 644 Scythiam
1003 584 1324 647 Rhipaeasque
1351 586 1517 631 arduus
1543 603 1670 632 arces

328 649 580 709 consurgit,
605 649 836 711 premitur
859 650 1036 712 Libyae
1063 652 1269 697 devexus
1294 651 1342 697 in
1368 653 1576 698 Austros.
1694 678 1752 707 241

326 718 404 762 hic
432 729 591 762 vertex
619 716 752 761 nobis
778 733 959 778 semper
984 718 1193 763 sublimis
1216 738 1230 772 ;
1267 731 1311 764 at
1336 718 1473 764 illum

327 783 411 828 sub
437 782 632 843 pedibus
661 783 777 844 Styx
802 796 898 829 atra
921 783 1049 830 videt
1077 785 1341 847 Manesque
1366 785 1605 846 profundi.

327 848 557 894 maximus
582 848 661 895 hic
688 848 815 896 flexu
843 850 1029 896 sinuoso
1055 851 1254 897 elabitur
1278 851 1458 911 Anguis

327 916 507 961 circum
532 932 707 978 perque
733 917 846 962 duas
871 916 920 962 in
947 933 1126 963 morem
1152 917 1359 964 fluminis
1385 919 1569 973 Arctos,

326 983 497 1028 Arctos
525 982 707 1028 Oceani
734 997 1000 1029 metuentes
1027 1001 1224 1046 aequore
1252 984 1418 1044 tingui.

326 1049 443 1104 illic,
472 1062 523 1095 ut
547 1048 819 1111 perhibent,
845 1063 924 1096 aut
948 1050 1228 1112 intempesta
1254 1051 1359 1097 silet
1384 1068 1479 1097 nox

327 1133 510 1177 semper
536 1129 582 1161 et
607 1115 801 1176 obtenta
825 1115 1084 1162 densentur
1109 1131 1249 1163 nocte
1276 1117 1495 1164 tenebrae
1518 1139 1531 1174 ;

328 1196 406 1229 aut
430 1182 550 1228 redit
576 1199 600 1227 a
625 1182 758 1227 nobis
784 1182 966 1228 Aurora
991 1183 1213 1246 diemque
1238 1184 1436 1240 reducit,

328 1266 505 1312 nosque
532 1248 611 1294 ubi
637 1248 814 1310 primus
842 1249 972 1311 equis
999 1249 1171 1295 Oriens
1197 1250 1384 1296 adflavit
1409 1251 1603 1307 anhelis,
1696 1274 1759 1303 250

328 1315 428 1361 illic
457 1332 551 1361 sera
578 1316 749 1361 rubens
777 1315 995 1361 accendit
1020 1316 1200 1362 lumina
1226 1317 1421 1378 Vesper.

328 1382 440 1428 hinc
468 1395 766 1443 tempestates
791 1382 936 1428 dubio
961 1383 1249 1444 praediscere
1276 1383 1405 1428 caelo

327 1466 584 1511 possumus,
610 1449 722 1495 hinc
751 1448 1001 1511 messisque
1027 1449 1153 1494 diem
1181 1462 1457 1512 tempusque
1483 1450 1682 1506 serendi,

331 1529 377 1562 et
402 1515 588 1578 quando
614 1515 814 1562 infidum
839 1515 976 1561 remis
1004 1515 1234 1577 inpellere
1261 1532 1460 1561 marmor

330 1582 597 1638 conveniat,
623 1583 810 1644 quando
838 1595 1029 1628 armatas
1055 1582 1285 1629 deducere
1312 1583 1490 1639 classeS,

330 1662 408 1695 aut
434 1649 760 1710 tempestivam
781 1649 904 1695 silvis
933 1663 1140 1695 evertere
1166 1649 1347 1710 pinum.

329 1732 416 1762 nec
445 1716 610 1762 frustra
635 1715 874 1776 signorum
901 1716 1056 1761 obitus
1082 1716 1379 1777 speculamur
1405 1728 1452 1762 et
1476 1729 1601 1762 ortus

329 1779 711 1845 temporibusque
731 1799 894 1844 parem
921 1782 1112 1828 diversis
1137 1796 1355 1845 quattuor
1380 1799 1572 1828 annum.

397 1849 589 1910 frigidus
616 1849 865 1910 agricolam
892 1849 926 1894 si
954 1849 1141 1911 quando
1167 1848 1379 1895 continet
1404 1849 1567 1904 imber,

329 1916 491 1971 multa,
520 1916 674 1962 forent
700 1933 816 1978 quae
844 1933 954 1961 mox
981 1916 1112 1961 caelo
1137 1916 1426 1978 properanda
1451 1932 1630 1973 sereno,
1699 1931 1760 1961 260

329 1996 558 2028 maturare
585 1983 719 2028 datur
745 2001 754 2029 :
793 1983 963 2028 durum
989 1983 1208 2043 procudit
1233 1996 1379 2028 arator

330 2049 527 2095 vomeris
554 2049 743 2095 obtunsi
771 2050 978 2105 dentem,
1007 2062 1139 2095 cavat
1165 2049 1321 2094 arbore
1348 2049 1525 2105 lintres,

330 2130 409 2162 aut
434 2116 592 2178 pecori
622 2116 808 2176 signum
834 2130 912 2162 aut
939 2132 1157 2162 numeros
1183 2115 1398 2178 inpressit
1424 2115 1614 2161 acerviS.

331 2196 568 2229 exacuunt
593 2183 670 2228 alii
699 2183 842 2228 vallos
870 2184 1115 2245 furcasque
1143 2182 1369 2240 bicornes,

331 2261 468 2310 atque
493 2249 720 2296 Amerina
743 2263 909 2312 parant
935 2250 1090 2296 lentae
1114 2249 1374 2295 retinacula
1397 2248 1499 2295 viti.

331 2331 458 2361 nunc
487 2316 639 2362 facilis
666 2316 808 2362 rubea
835 2330 1019 2362 texatur
1046 2315 1206 2362 fiscina
1230 2316 1372 2376 virga,

332 2398 459 2427 nunc
487 2395 656 2428 torrete
685 2383 781 2443 igni
810 2384 978 2443 fruges,
1005 2399 1133 2429 nunc
1161 2382 1358 2442 frangite
1383 2398 1508 2427 saxo.

332 2448 507 2510 quippe
535 2449 674 2494 etiam
703 2449 829 2495 festis
856 2450 1084 2512 quaedam
1111 2465 1328 2494 exercere
1354 2448 1518 2493 diebus

334 2515 398 2560 fas
425 2528 470 2560 et
496 2515 594 2560 iura
622 2516 782 2562 sinunt
806 2534 817 2562 ε
854 2517 976 2561 rivos
1002 2516 1232 2561 deducere
1258 2515 1388 2560 nulla

333 2581 497 2641 religio
526 2582 694 2638 vetuit,
721 2582 861 2641 segeti
888 2582 1196 2644 praetendere
1223 2598 1419 2642 saepem,
1700 2604 1762 2634 270

333 2648 522 2693 insidias
548 2648 707 2694 avibus
734 2648 908 2705 moliri,
933 2648 1191 2694 incendere
1217 2665 1394 2709 vepres,

335 2715 671 2778 balantumque
698 2731 883 2775 gregem
909 2714 1054 2761 fluvio
1080 2731 1278 2761 mersare
1305 2714 1494 2762 salubri.

639 2791 711 2840 248
745 2792 956 2830 densantur.
1071 2802 1146 2842 252
1178 2792 1395 2841 praedicere.
