1861 3256
217 261 220 266 ⁴
253 302 326 342 152
705 293 748 330 P.
777 291 1010 331 VERGILI
1039 293 1298 333 MARoms

319 397 413 444 iam
436 414 519 444 sua
543 398 552 445 !
592 414 676 443 nos
703 397 793 443 alia
821 414 877 443 ex
904 398 1006 445 aliis
1031 399 1080 445 in
1107 400 1203 447 fata
1227 416 1452 447 vocamur
1476 417 1486 445 ε

316 464 449 510 vobis
474 476 607 526 parta
634 463 780 525 quies,
809 464 997 512 nullum
1023 466 1161 512 maris
1187 483 1362 529 aequor
1387 465 1631 524 arandum,

317 547 425 576 arva
451 546 608 591 neque
633 529 873 576 Ausoniae
898 547 1082 594 semper
1107 532 1326 579 cedentia
1352 543 1477 577 retro

318 595 606 658 quaerenda.
679 595 878 656 effigiem
906 597 1089 644 Xanthi
1117 598 1410 660 Troiamque
1435 596 1620 655 videtiS,

317 678 459 735 quam
485 674 668 708 vestrae
694 662 853 709 fecere
879 680 1043 710 manus
1070 663 1361 720 melioribus,
1388 676 1517 725 opto,

317 726 552 789 auspiciis,
581 741 628 774 et
652 745 771 791 quae
798 729 943 776 fuerit
968 731 1122 777 minus
1149 729 1287 776 obvia
1313 729 1467 776 Grais.

316 793 351 839 si
379 794 570 856 quando
597 794 835 857 Thybrim
861 795 1114 861 vicinaque
1141 796 1405 858 Thybridis
1431 813 1537 842 arva
1685 819 1748 849 500

316 860 494 905 intraro
518 860 745 924 gentique
771 878 903 908 meae
931 863 1035 909 data
1060 862 1250 909 moenia
1277 878 1485 920 cernam,

317 939 538 987 cognatas
565 928 701 974 urbes
727 928 841 974 olim
867 930 1163 992 populosque
1189 929 1496 992 propinquos,

316 993 478 1054 Epiro,
507 993 755 1056 Hesperia,
782 994 949 1058 quibus
975 995 1104 1042 idem
1129 996 1379 1042 Dardanus
1406 1008 1566 1042 auctor

317 1072 460 1122 atque
486 1059 614 1106 idem
641 1077 784 1117 casus,
812 1078 954 1107 unam
982 1062 1206 1109 faciemus
1234 1075 1484 1125 utramque

317 1126 516 1172 Troiam
543 1126 742 1183 animis;
779 1141 967 1174 maneat
995 1141 1174 1174 nostros
1203 1145 1255 1175 ea
1283 1145 1392 1175 cura
1419 1127 1649 1191 nepotes.’

382 1193 694 1254 provehimur
717 1193 885 1255 pelago
911 1193 1067 1241 vicina
1096 1194 1335 1241 Ceraunia
1361 1195 1505 1252 iuxta,

317 1259 445 1305 unde
472 1259 563 1306 iter
589 1259 777 1306 Italiam
803 1277 1057 1324 cursusque
1083 1260 1383 1307 brevissimus
1410 1260 1566 1307 undis·

316 1326 383 1372 sol
411 1326 507 1372 ruit
532 1326 714 1373 interea
742 1339 788 1372 et
814 1340 998 1373 montes
1026 1328 1305 1373 umbrantur
1330 1327 1482 1389 opaci.

317 1392 573 1439 sternimur
597 1406 787 1455 optatae
802 1393 999 1468 Mgremio
1020 1393 1203 1439 telluris
1231 1393 1289 1439 ad
1314 1393 1491 1439 undam

318 1459 471 1505 sortiti
498 1477 666 1517 remos,
693 1459 960 1523 passimque
987 1459 1037 1505 in
1065 1459 1205 1505 litore
1231 1459 1357 1506 sicco
1689 1482 1751 1513 510

317 1542 513 1587 corpora
540 1543 787 1583 curamus;
825 1527 966 1572 fessos
995 1543 1133 1588 sopor
1157 1525 1328 1586 inrigat
1353 1538 1493 1573 artus.

317 1592 526 1639 necdum
551 1593 716 1639 orbem
741 1564 954 1639 niedium
982 1609 1075 1638 nox
1102 1592 1228 1638 horis
1255 1605 1358 1639 acta
1385 1592 1569 1639 subibat
1593 1610 1603 1639 :

316 1658 444 1704 haud
469 1659 621 1719 segnis
648 1672 791 1705 strato
818 1659 965 1721 surgit
995 1658 1244 1705 Palinurus
1272 1671 1319 1705 et
1344 1676 1530 1705 omnes·

318 1725 534 1786 explorat
558 1739 725 1771 ventos
752 1738 891 1788 atque
919 1725 1105 1772 auribus
1132 1732 1234 1771 aera
1260 1737 1449 1787 captat3

317 1790 468 1836 sidera
495 1804 669 1838 cuncta
696 1804 830 1838 notat
857 1791 1000 1838 tacito
1027 1791 1236 1838 labentia
1263 1793 1411 1849 caelo,

315 1858 572 1904 Arcturum
598 1858 875 1921 pluviasque
904 1858 1096 1920 Hyadas
1123 1858 1432 1921 geminosque
1458 1857 1681 1915 Triones,

317 1937 644 1987 armatumque
670 1942 781 1971 auro
807 1924 1133 1986 circumspicit
1161 1924 1358 1971 Oriona.

315 2003 565 2053 postquam
591 2004 763 2037 cuncta
789 1991 922 2038 videt
948 1992 1081 2037 caelo
1108 2004 1323 2038 constare
1349 2007 1532 2048 sereno,

317 2057 397 2102 dat
423 2057 602 2103 clarum
630 2075 654 2103 e
680 2057 828 2132 puppi
859 2057 1078 2118 signum:
1117 2074 1200 2103 nos
1227 2070 1377 2104 castra
1401 2072 1645 2103 movemus

318 2135 700 2186 temptamusque
726 2124 851 2170 viam
881 2137 927 2170 et
952 2125 1167 2170 velorum
1192 2123 1446 2186 pandimus
1471 2123 1580 2170 alas.
1690 2146 1753 2176 520

316 2189 504 2252 iamque
530 2191 810 2237 rubescebat
838 2191 987 2237 stellis
1013 2192 1193 2236 Aurora
1222 2190 1407 2251 fugatis,

319 2273 427 2302 cum
454 2258 619 2318 procul
647 2258 869 2303 obscuros
898 2258 1043 2304 colles
1069 2257 1397 2318 humilemque
1423 2255 1637 2301 videmus

318 2322 526 2370 Italiam.
596 2324 787 2370 Italiam
814 2324 994 2386 primus
1020 2324 1289 2370 conclamat
1312 2323 1534 2379 Achates,

319 2388 507 2434 Italiam
533 2389 660 2435 laeto
688 2390 803 2436 socii
831 2391 1038 2436 clamore
1065 2390 1287 2436 salutant.

320 2466 422 2500 tum
448 2468 582 2516 pater
606 2456 840 2502 Anchises
868 2472 1092 2516 magnum
1118 2467 1295 2501 cratera
1321 2471 1495 2500 corona

319 2521 478 2567 induit
502 2521 802 2584 inplevitque
828 2538 958 2567 mero
983 2521 1211 2583 divosque
1235 2520 1424 2567 vocavit

320 2599 446 2633 stans
474 2588 598 2634 celsa
623 2587 671 2632 in
698 2588 846 2650 puppi
873 2606 883 2633 :

287 2655 300 2675 ‘
319 2653 365 2699 di
394 2654 531 2699 maris
559 2666 605 2700 et
631 2666 779 2700 terrae
806 2666 1239 2716 tempestatumque
1264 2666 1501 2715 potentes,

323 2720 446 2766 ferte
471 2720 595 2766 viam
620 2733 765 2766 vento
792 2720 984 2766 facilem
1013 2733 1059 2765 et
1085 2719 1254 2782 spirate
1281 2719 1511 2766 secundi.’

521 2808 599 2847 499
629 2797 782 2835 fuerint.
843 2807 915 2846 503
950 2797 1186 2845 Hesperiam.
1245 2807 1318 2846 527
1349 2796 1482 2845 prima,
