1866 3208
549 242 824 280 AENEIDos
853 243 957 282 LIB.
988 242 1051 280 x1
1479 258 1554 298 329

124 355 379 401 ducentem
405 352 455 398 in
481 351 673 397 Latium
700 351 917 397 Teucros
945 351 1169 398 cecidisse
1195 351 1390 399 iuvabit.

123 421 242 484 quin
269 437 352 481 ego
378 436 475 465 non
503 418 592 465 alio
618 418 786 478 digner
812 431 857 465 te
885 419 1069 476 funere,
1098 419 1242 475 Palla,

124 504 264 550 quam
290 487 395 548 pius
419 488 618 541 Aeneas,
645 496 692 531 et
718 501 862 547 quam
889 486 1048 547 magni
1079 487 1298 547 Phryges,
1330 500 1374 533 et
1400 505 1541 550 quam

125 553 464 616 Tyrrhenique
489 552 647 608 duces,
677 551 989 614 Tyrrhenum
1016 553 1250 599 exercitus
1278 554 1449 601 omnis.
1503 581 1559 609 171

123 638 293 682 magna
319 633 504 682 tropaea
529 620 703 675 ferunt,
731 636 846 681 quos
873 619 952 665 dat
979 632 1058 665 tua
1084 620 1294 666 dextera
1305 621 1436 678 let03

124 702 175 736 tu
202 704 392 750 quoque
419 703 547 733 nunc
578 699 716 732 stares
743 686 949 732 inmanis
979 700 1175 733 truncus
1203 687 1253 732 in
1282 688 1436 746 armis,

123 768 243 802 esset
267 772 350 816 par
376 767 496 800 aetas
525 766 570 799 et
596 752 722 799 idem
751 753 785 799 si
813 754 955 799 robur
983 754 1040 799 ab
1067 755 1216 811 annis,

124 823 309 868 Turne.
381 821 462 867 sed
486 819 654 866 infelix
683 820 900 866 Teucros
929 820 1046 883 quid
1073 822 1290 868 demoror
1316 823 1452 869 armis
1474 827 1490 869 ?

122 889 292 944 vadite,
322 901 367 934 et
392 890 504 934 haec
532 904 762 933 memores
790 887 885 948 regi
915 888 1138 934 mandata
1163 889 1368 936 referte:

122 956 249 1020 quod
276 955 419 1001 vitam
444 972 599 1001 moror
626 954 842 1010 invisam,
875 955 1092 1002 Pallante
1119 970 1381 1019 perempto,

122 1023 312 1070 dextera
338 1039 473 1068 causa
498 1035 578 1067 tua
604 1034 687 1080 est,
717 1022 945 1068 Turnum
975 1036 1183 1086 natoque
1209 1024 1424 1087 patrique

122 1107 263 1153 quam
289 1089 460 1136 debere
486 1088 630 1136 vides,
703 1089 881 1136 meritis
910 1103 1043 1136 vacat
1067 1090 1148 1136 hic
1176 1091 1263 1137 tibi
1291 1092 1413 1138 solus

121 1158 433 1219 fortunaeque
460 1156 608 1203 locuS.
680 1173 777 1203 non
805 1156 927 1203 vitae
954 1157 1121 1217 gaudia
1147 1175 1339 1220 quaero,
1502 1173 1561 1204 180

121 1241 211 1270 nec
238 1224 303 1269 fas
327 1243 341 1278 3
379 1223 459 1269 sed
484 1238 595 1270 nato
624 1224 798 1270 Manes
827 1224 1032 1285 perferre
1060 1225 1145 1271 sub
1170 1225 1317 1272 imos.'

186 1291 368 1337 Aurora
392 1290 571 1337 interea
596 1290 774 1337 miseris
803 1291 1082 1338 mortalibus
1109 1292 1281 1339 almam

121 1358 353 1405 extulerat
378 1358 554 1414 lucem,
580 1359 786 1404 referens
815 1375 955 1420 opera
981 1373 1122 1422 atque
1150 1359 1344 1407 labores.

121 1426 215 1472 iam
241 1438 372 1487 pater
396 1426 594 1480 Aeneas,
623 1425 715 1471 iam
744 1442 889 1472 curvo
916 1425 967 1471 in
995 1426 1130 1472 litore
1159 1427 1386 1473 Tarchon

122 1492 409 1539 constituere
435 1509 584 1554 pyras.
657 1494 750 1539 huc
782 1509 977 1554 corpora
1004 1493 1204 1556 quisque
1232 1511 1423 1540 suorum

121 1575 252 1605 more
279 1559 430 1606 tulere
454 1572 642 1622 patrum
665 1580 678 1616 ;
718 1559 1038 1622 subiectisque
1066 1561 1251 1621 ignibus
1279 1562 1385 1607 atris

122 1626 344 1673 conditur
370 1626 419 1672 in
447 1627 661 1673 tenebras
688 1627 838 1673 altum
868 1628 1073 1689 caligine
1101 1629 1300 1675 caelum.

122 1707 191 1741 ter
217 1694 399 1741 circum
425 1711 659 1751 accensos,
690 1694 837 1740 cincti
868 1695 1162 1755 fulgentibus
1190 1695 1345 1752 armis,

120 1762 370 1807 decurrere
396 1777 526 1821 rogos
549 1782 562 1818 ;
600 1774 669 1808 ter
694 1776 929 1809 maestum
958 1762 1137 1808 funeris
1163 1762 1322 1822 ignem

122 1829 377 1875 lustravere
404 1828 453 1874 in
482 1828 629 1891 equis,
659 1829 965 1892 ululatusque
993 1846 1071 1876 ore
1099 1829 1284 1877 dedere.
1503 1854 1561 1885 190

121 1896 350 1959 spargitur
376 1909 422 1942 et
448 1896 587 1942 tellus
615 1896 837 1954 lacrimis,
865 1909 1149 1958 sparguntur
1178 1910 1223 1943 et
1251 1914 1390 1943 arma.

122 1963 159 2010 it
184 1964 315 2011 caelo
340 1963 613 2026 clamorque
639 1964 794 2011 virum
822 1964 1112 2027 clangorque
1140 1965 1376 2011 tubarum.

121 2030 237 2076 hinc
264 2030 343 2076 alii
371 2031 518 2105 spolia
543 2031 706 2078 occisis
732 2031 927 2094 derepta
953 2031 1135 2078 Latinis

123 2096 371 2144 coniciunt
396 2097 510 2158 igni,
537 2099 702 2158 galeas,
732 2115 958 2160 ensesque
986 2099 1198 2155 decoros,

123 2164 365 2227 frenaque,
392 2165 722 2227 ferventesque
746 2178 906 2221 rotas3
943 2183 1046 2227 pars
1072 2181 1271 2212 munera
1296 2179 1420 2222 nota,

123 2231 332 2294 ipsorum
361 2232 537 2293 clipeos
565 2245 611 2278 et
637 2249 733 2278 non
760 2231 920 2278 felicia
946 2233 1052 2279 tela,

124 2298 275 2345 multa
300 2299 443 2345 boum
470 2298 595 2345 circa
619 2312 887 2346 mactantur
913 2316 1103 2362 corpora
1133 2300 1302 2357 Morti,

125 2365 464 2429 saetigerosque
491 2383 594 2412 sues
620 2379 866 2429 raptasque
893 2383 952 2413 ex
977 2367 1196 2413 omnibus
1224 2367 1342 2429 agris

125 2432 175 2478 in
201 2432 439 2480 flammam
465 2432 682 2495 iugulant
706 2434 928 2509 pecudes.
1001 2446 1104 2481 tum
1131 2434 1269 2482 litore
1295 2448 1396 2482 toto

127 2499 337 2545 ardentes
363 2514 578 2562 spectant
604 2501 766 2557 soci05,
795 2500 1113 2564 semiustaque
1139 2515 1326 2549 servant
1499 2525 1560 2546 200

128 2566 275 2620 busta,
289 2582 458 2639 ‘neque
484 2568 623 2615 avelli
649 2582 861 2631 possunt,
889 2585 984 2614 nox
1012 2568 1172 2615 umida
1196 2569 1347 2615 donec

128 2631 323 2678 invertit
348 2634 532 2681 caelum
559 2635 714 2682 stellis
733 2635 1026 2696 fulgentibus
1051 2648 1232 2697 aptum.

196 2715 283 2745 nec
309 2698 466 2745 minus
491 2713 538 2747 et
563 2701 719 2748 miseri
746 2702 927 2748 diversa
952 2702 1002 2748 in
1028 2715 1158 2764 parte
1185 2701 1346 2748 Latini

698 2779 767 2815 168
801 2778 958 2817 iuvaret.
