1866 3208
567 249 840 286 AENEIDOS
870 249 973 286 LIB.
1004 249 1066 286 XI
1489 261 1564 302 345

134 359 341 413 nuntiet,
367 374 419 403 ac
445 356 575 402 lucos
601 367 738 401 vocet
762 355 914 401 hostia
939 354 1128 417 pinguis
1156 355 1206 400 in
1234 355 1384 402 altos.'
1506 383 1568 411 740

132 428 249 472 haec
278 425 441 471 effatus
469 438 645 484 equum
670 422 721 466 in
748 422 928 468 medios
956 422 1211 468 moriturus
1238 434 1285 468 et
1310 422 1410 484 ipse

134 492 355 546 concitat,
385 502 431 535 et
456 488 651 534 Venulo
678 488 925 535 adversum
953 506 998 534 se
1025 489 1243 535 turbidus
1268 489 1432 546 infert,

132 559 479 619 dereptumque
505 555 562 601 ab
589 572 712 617 equo
739 555 905 601 dextra
930 556 1270 618 complectitur
1294 558 1495 614 hostem,

135 639 180 672 et
205 622 439 684 gremium
465 635 575 669 ante
601 639 739 668 suum
765 623 916 668 multa
943 622 988 667 vi
1017 623 1236 669 concitus
1262 623 1433 671 aufert.

132 691 317 737 tollitur
344 689 392 735 in
419 690 605 736 caelum
632 689 825 745 clamor,
851 689 1111 752 cunctique
1138 690 1299 735 Latini

131 769 405 804 convertere
431 756 611 803 oculos.
683 756 811 801 volat
838 756 1002 817 igneus
1030 773 1230 819 aequore
1259 757 1505 814 Tarchon,

132 841 256 870 arma
324 823 575 886 virumque
643 823 798 869 ferens
822 843 836 878 3
885 837 988 870 tum
1048 840 1232 870 summa
1296 823 1440 886 ipsius
1509 824 1565 871 ab

263 892 394 936 hasta

130 957 356 1018 defringit
383 958 576 1015 ferrum,
606 970 651 1004 et
677 971 830 1019 partes
858 957 1058 1004 rimatur
1085 971 1280 1020 apertas,

129 1042 222 1088 qua
248 1025 420 1070 vulnus
447 1025 588 1071 letale
616 1025 735 1071 ferat
757 1043 772 1078 3
810 1038 977 1071 contra
1003 1024 1086 1071 ille
1112 1042 1378 1086 repugnans

129 1092 331 1139 sustinet
356 1109 380 1138 a
406 1091 570 1152 iugulo
595 1092 824 1148 dextram,
855 1105 901 1138 et
927 1092 1024 1137 vim
1050 1092 1229 1137 viribus
1256 1092 1370 1138 exit.
1507 1116 1567 1146 750

128 1172 276 1222 utque
303 1159 468 1205 volans
495 1159 588 1204 alte
615 1172 803 1221 raptum
831 1175 941 1205 cum
969 1159 1100 1204 fulva
1126 1159 1381 1204 draconem

127 1226 219 1273 fert
240 1226 414 1289 aquila,
437 1225 757 1288 inplicuitque
778 1226 934 1289 pedes,
959 1240 1099 1288 atque
1123 1225 1362 1286 unguibus
1384 1224 1564 1281 haesit;

127 1293 312 1340 saucius
339 1306 384 1339 at
410 1310 600 1355 serpens
627 1293 816 1339 sinuosa
840 1292 1088 1338 volumina
1115 1306 1282 1349 versat,

127 1360 411 1423 arrectisque
437 1362 596 1406 horret
622 1360 843 1423 squamis,
872 1375 918 1406 et
946 1359 1103 1406 sibilat
1128 1377 1222 1416 ore,

127 1429 299 1474 arduus
326 1428 570 1488 insurgens
595 1448 608 1484 ;
645 1427 725 1473 illa
751 1427 878 1473 haud
905 1426 1064 1472 minus
1093 1439 1263 1487 urguet
1289 1427 1480 1472 obunco

126 1495 394 1541 luctantem
420 1507 567 1540 rostro
591 1515 604 1550 3
642 1494 783 1540 simul
813 1495 1001 1540 aethera
1028 1495 1244 1540 verberat
1271 1493 1353 1539 alis
1379 1512 1389 1539 ε

127 1562 256 1608 haud
282 1561 416 1607 aliter
442 1561 664 1623 praedam
692 1561 958 1607 Tiburtum
987 1578 1045 1607 ex
1072 1560 1258 1622 agmine
1287 1560 1516 1606 Tarchon

125 1641 281 1691 portat
306 1645 465 1675 ovans.
536 1628 669 1674 ducis
697 1629 973 1690 exemplum
1002 1641 1327 1690 eventumque
1354 1625 1503 1673 secuti

129 1695 417 1742 Maeonidae
445 1695 714 1743 incurrunt.
788 1709 889 1741 tum
918 1695 1024 1741 fatis
1051 1694 1241 1740 debitus
1267 1695 1451 1740 Arruns

124 1763 341 1809 velocem
368 1762 524 1809 iaculo
552 1776 599 1808 et
624 1762 777 1808 multa
802 1761 928 1824 prior
955 1775 1052 1807 arte
1081 1761 1340 1808 Camillam
1505 1774 1566 1815 760

127 1829 316 1886 circuit,
344 1842 407 1885 et,
433 1846 552 1892 quae
579 1829 638 1875 sit
666 1830 857 1875 fortuna
885 1828 1134 1885 facillima,
1163 1841 1381 1890 temptat.

126 1914 218 1960 qua
244 1914 290 1943 se
317 1913 522 1959 cumque
549 1897 712 1943 furens
739 1896 898 1942 medio
927 1896 1039 1942 tulit
1070 1895 1258 1956 agmine
1283 1895 1427 1956 virgo,

125 1965 214 2010 hac
239 1964 418 2010 Arruns
445 1963 587 2021 subit,
617 1977 663 2010 et
689 1963 860 2010 tacitus
889 1963 1083 2024 vestigia
1111 1963 1275 2009 lustrat
1298 1982 1311 2018 ;

126 2047 219 2093 qua
244 2030 414 2076 victrix
441 2030 564 2076 redit
588 2030 670 2076 illa
696 2031 965 2093 pedemque
993 2047 1049 2076 ex
1075 2031 1212 2075 hoste
1237 2041 1459 2090 reportat,

125 2099 214 2143 hac
240 2096 423 2143 iuvenis
451 2097 616 2143 furtim
643 2098 817 2143 celeres
847 2097 1102 2159 detorquet
1127 2096 1351 2142 habenas.

125 2165 210 2210 hos
237 2163 408 2220 adituS,
433 2163 623 2226 iamque
650 2165 732 2209 hos
761 2163 930 2221 aditus,
959 2179 1252 2226 omnemque
1277 2175 1480 2224 pererrat

127 2231 340 2295 undique
358 2231 630 2286 circuitum,
660 2244 706 2276 et
732 2244 910 2277 certam
930 2231 1084 2293 quatit
1110 2229 1337 2292 inprobus
1363 2231 1562 2275 hastam.

127 2298 250 2345 forte
277 2315 404 2344 sacer
431 2298 642 2360 Cybelae
671 2297 905 2343 Chloreus
933 2298 1146 2372 olimque
1179 2296 1392 2343 sacerdos

127 2365 322 2425 insignis
350 2366 492 2426 longe
521 2365 731 2425 Phrygiis
758 2364 1011 2425 fulgebat
1000 2381 1049 2410 m
1076 2364 1229 2421 armis,

127 2445 528 2495 spumantemque
555 2431 760 2492 agitabat
787 2447 979 2494 equum,
1007 2447 1151 2494 quem
1177 2430 1316 2493 pellis
1343 2429 1471 2477 ae'nis
1503 2453 1564 2483 770

129 2498 180 2543 in
205 2499 418 2559 plumam
444 2498 650 2562 squamis
677 2516 788 2545 auro
814 2511 1032 2545 conserta
1059 2499 1262 2559 tegebat.

129 2564 244 2626 ipse,
271 2566 514 2625 peregrina
538 2565 779 2626 ferrugine
807 2565 958 2612 clarus
985 2579 1032 2612 et
1058 2578 1199 2621 ostro,

131 2630 312 2692 spicula
338 2632 587 2693 torquebat
613 2632 764 2694 Lycio
792 2632 1030 2694 Gortynia
1055 2648 1205 2678 cornu
1228 2649 1242 2684 3

131 2713 296 2743 aureus
324 2713 379 2742 ex
406 2713 577 2744 umens
604 2712 700 2744 erat
726 2715 860 2744 arcus
886 2712 933 2745 et
958 2715 1098 2744 aurea
1121 2711 1216 2743 vat1

680 2774 754 2822 768
787 2775 943 2825 Cybelo.
