1861 3256
241 250 287 276 12

685 238 728 275 P.
758 237 993 274 VERGILI
1023 238 1279 276 MARONIS

305 344 514 391 carmina
539 343 760 405 descripsi
788 355 834 389 et
858 344 1104 391 modulans
1131 345 1308 391 alterna
1333 345 1511 402 notavi,

306 411 518 472 experiar
541 429 551 457 :
588 423 637 456 tu
665 410 836 455 deinde
861 410 1023 457 iubeto
1049 425 1101 458 ut
1125 425 1274 458 certet
1297 412 1539 472 Amyntas.

376 478 472 523 Me.
508 477 636 522 lenta
662 476 775 521 salix
801 490 1029 539 quantum
1053 478 1252 540 pallenti
1278 477 1404 523 cedit
1426 477 1596 534 olivae,

305 543 520 606 puniceis
546 542 738 588 humilis
765 557 996 605 quantum
1022 544 1231 590 saliunca
1256 544 1435 600 rosetis,

304 609 482 655 iudicio
508 622 664 654 nostro
690 621 874 655 tantum
901 610 985 656 tibi
1013 610 1139 656 cedit
1162 611 1410 671 Amyntas,

305 676 386 722 sed
411 689 461 720 tu
488 674 650 720 desine
675 675 824 736 plura,
851 693 1002 737 puer3
1039 676 1344 722 successimus
1370 689 1519 724 antro.

376 741 472 788 Mo,
501 741 789 787 exstinctum
809 742 1066 804 Nymphae
1086 742 1265 788 crudeli
1287 743 1452 788 funere
1478 743 1726 804 Daphnim

305 807 483 853 flebant
506 828 518 864 余
555 825 634 853 vos
659 808 804 869 coryli
832 821 969 854 testes
996 823 1041 855 et
1067 808 1264 854 flumina
1290 808 1532 871 Nymphis
1554 829 1568 866 3
1687 834 1725 855 21

305 891 415 920 cum
441 875 688 936 complexa
715 875 783 920 sui
810 892 978 938 corpus
1002 875 1267 921 miserabile
1293 874 1391 921 nati

306 954 446 1003 atque
471 941 579 986 deos
606 955 745 1003 atque
772 955 890 987 astra
910 955 1046 988 vocat
1071 941 1278 988 crudelia
1303 954 1468 988 mater.

305 1024 401 1053 non
427 1007 513 1052 ulli
541 1020 693 1068 pastos
718 1007 810 1053 illis
837 1024 970 1068 egere
995 1008 1159 1054 diebus

305 1073 483 1133 frigida,
502 1073 715 1136 Daphni,
728 1073 866 1119 boves
885 1074 942 1120 ad
957 1074 1154 1121 flumina
1176 1095 1190 1131 余
1215 1075 1346 1121 nulla
1364 1091 1519 1137 neque
1537 1091 1727 1121 amnem

305 1139 472 1186 libavit
498 1139 780 1203 quadrupes,
806 1156 893 1186 nec
920 1141 1141 1201 graminis
1168 1141 1324 1202 attigit
1347 1142 1557 1187 herbam.

304 1206 516 1269 Daphni,
545 1220 680 1252 tuum
709 1206 888 1252 Poenos
915 1207 1056 1252 etiarn
1081 1207 1364 1268 ingemuisse
1390 1208 1550 1253 leones

305 1273 553 1319 interitum
579 1286 858 1335 montesque
884 1272 970 1318 feri
996 1273 1234 1336 silvaeque
1259 1275 1537 1336 loquuntur.

303 1340 522 1402 Daphnis
550 1352 595 1385 et
620 1339 867 1384 Armenias
893 1356 1031 1385 curru
1057 1340 1335 1399 subiungere
1361 1340 1500 1399 tigres

304 1406 525 1463 instituit,
553 1405 770 1468 Daphnis
798 1405 968 1451 thiasos
992 1405 1217 1451 inducere
1244 1405 1422 1452 Bacchi
1689 1430 1731 1461 30

306 1486 353 1519 et
378 1472 500 1518 foliis
527 1473 677 1518 lentas
703 1472 918 1518 intexere
944 1472 1165 1518 mollibus
1190 1473 1359 1519 hastas.

304 1539 413 1585 vitis
440 1552 491 1585 ut
517 1539 755 1585 arboribus
782 1538 939 1584 decori
967 1552 1050 1596 est,
1077 1551 1129 1585 ut
1154 1538 1329 1585 vitibus
1354 1555 1487 1594 uvae,

305 1619 356 1652 ut
381 1605 596 1666 gregibus
625 1605 758 1660 tauri,
787 1618 962 1665 segetes
989 1618 1041 1651 ut
1065 1605 1319 1668 pinguibus
1345 1605 1479 1662 arvis,

305 1686 354 1719 tu
382 1672 524 1718 decus
550 1689 690 1717 omne
718 1672 822 1718 tuis.
893 1685 1143 1734 postquam
1169 1685 1214 1717 te
1242 1673 1336 1718 fata
1364 1673 1594 1727 tulerunt,

303 1739 401 1801 ipsa
430 1739 564 1784 Pales
591 1755 721 1799 agros
747 1752 885 1800 atque
912 1738 1011 1800 ipse
1037 1738 1229 1800 reliquit
1253 1739 1444 1800 Apollo.

303 1805 496 1867 grandia
523 1822 659 1867 saepe
686 1805 856 1867 quibus
881 1804 1205 1850 mandavimus
1230 1805 1403 1851 hordea
1429 1805 1590 1862 sulcis,

303 1872 471 1918 infelix
498 1871 665 1917 lolium
694 1884 740 1917 et
765 1871 943 1917 steriles
969 1884 1225 1917 nascuntur
1249 1888 1425 1918 avenae
1447 1892 1462 1928 余

302 1956 386 2001 pro
411 1937 543 1984 molli
571 1937 710 1994 viola,
736 1955 819 1999 pro
844 1955 1079 2000 purpureo
1105 1938 1311 1984 narcisso

303 2005 503 2052 carduus
532 2018 577 2051 et
602 2004 746 2066 spinis
773 2005 916 2064 surgit
939 2004 1147 2066 paliurus
1173 2004 1335 2051 acutis.

304 2071 502 2134 spargite
528 2073 730 2117 humum
756 2071 897 2128 foliis,
924 2070 1137 2117 inducite
1162 2071 1371 2118 fontibus
1398 2071 1600 2128 umbras,
1691 2096 1733 2124 40

303 2152 510 2200 pastores
533 2158 546 2194 3
584 2138 777 2184 mandat
802 2108 899 2182 fieri
927 2137 1012 2183 sibi
1041 2137 1151 2183 talia
1177 2137 1396 2200 Daphnis
1419 2157 1433 2194 余

304 2218 351 2250 et
378 2205 616 2250 tumulum
645 2205 799 2259 facite,
828 2218 874 2250 et
900 2204 1085 2250 tumulo
1111 2221 1248 2266 super
1273 2204 1431 2250 addite
1457 2220 1649 2250 carmen
1675 2222 1684 2250 :

305 2271 523 2332 Daphnis
552 2287 635 2330 ego
662 2271 711 2316 in
738 2270 882 2327 silvis,
907 2270 1018 2316 hinc
1045 2287 1191 2332 usque
1219 2270 1276 2316 ad
1301 2270 1450 2316 sidera
1476 2284 1631 2326 notus,

304 2337 496 2383 formosi
522 2337 704 2399 pecoris
731 2351 904 2393 custos,
929 2337 1174 2382 formosior
1198 2334 1328 2398 ipse?

377 2404 472 2450 Me.
510 2404 602 2449 tale
629 2417 764 2449 tuum
791 2420 980 2449 carmen
1007 2403 1158 2459 nobis,
1184 2403 1346 2449 divine
1370 2415 1529 2464 poeta,

283 2470 446 2532 'quale
473 2487 606 2531 sopor
633 2469 759 2515 fessis
786 2469 835 2514 in
861 2469 1084 2529 gramine,
1112 2469 1251 2531 quale
1274 2485 1359 2530 per
1385 2482 1564 2515 aestum

305 2536 456 2582 dulcis
483 2553 629 2598 aquae
656 2536 853 2581 saliente
880 2535 1007 2581 sitim
1032 2535 1319 2595 restinguere
1345 2535 1458 2581 rivo.

306 2620 394 2649 nec
421 2602 611 2649 calamis
638 2603 790 2648 solum
815 2601 1107 2664 aequiperas,
1133 2601 1213 2647 sed
1238 2618 1352 2647 voce
1378 2601 1667 2661 magistrum.

306 2670 543 2716 fortunate
567 2686 702 2731 puer,
727 2682 777 2715 tu
804 2684 931 2714 nunc
959 2667 1046 2713 eris
1073 2669 1189 2714 alter
1214 2668 1272 2713 ab
1296 2668 1395 2715 illo.

307 2753 390 2782 nos
417 2749 576 2782 tamen
601 2737 718 2782 haec
745 2751 1046 2798 quocumque
1066 2734 1206 2780 modo
1231 2734 1317 2781 tibi
1343 2748 1498 2781 nostra
1522 2733 1727 2782 vicissim
