1866 3208
234 287 308 326 370
670 273 714 312 P.
748 270 983 310 VERGILI
1016 271 1274 309 MARONIS

299 398 573 433 convertere
598 383 758 429 oculos
786 381 910 439 Itali,
937 381 1113 444 quique
1139 382 1232 428 alta
1258 381 1485 428 tenebant

299 452 501 507 moenia,
528 450 705 513 quique
731 449 850 494 imos
874 448 1127 511 pulsabant
1152 448 1294 495 ariete
1320 465 1491 506 muros,

299 534 519 580 armaque
544 517 803 591 deposuere
830 515 1019 562 umeris,
1090 528 1247 577 stupet
1273 514 1372 577 ipse
1397 515 1596 561 Latinus

298 585 530 646 ingentes,
557 583 738 644 genitos
763 581 954 627 diversis
979 582 1188 644 partibus
1215 581 1356 637 orbis,

298 651 424 698 inter
450 667 497 696 se
523 649 687 696 coiisse
713 649 833 694 viros
858 661 905 694 et
931 665 1122 695 cernere
1148 649 1288 695 ferro.

300 731 441 780 atque
467 716 555 774 illi,
582 729 635 762 ut
659 732 811 762 vacuo
835 728 1092 778 patuerunt
1117 731 1316 778 aequore
1343 714 1513 776 campi,
1666 739 1727 768 710

299 801 524 846 procursu
551 782 729 844 rapido,
757 781 984 828 coniectis
1011 782 1194 828 eminus
1219 781 1376 839 hastis,

299 851 532 897 invadunt
560 850 767 895 Martem
794 848 959 911 clipeis
986 861 1126 911 atque
1154 865 1259 894 aere
1284 865 1468 894 sonoro.

298 917 379 963 dat
403 916 635 977 gemitum
661 916 801 962 tellus
826 936 838 972 ;
876 929 978 962 tum
1005 915 1191 961 crebros
1218 914 1406 960 ensibus
1431 914 1552 960 ictus

301 983 637 1044 congeminant
660 1003 673 1038 ;
710 983 802 1028 fors
829 995 875 1028 et
900 982 1047 1028 virtus
1074 982 1335 1028 miscentur
1360 981 1410 1026 in
1436 997 1603 1027 unum.

300 1067 351 1096 ac
376 1050 508 1096 velut
533 1049 717 1109 ingenti
747 1048 840 1095 Sila
864 1065 1108 1095 summove
1135 1048 1366 1094 Taburno

300 1133 410 1163 curn
435 1117 530 1162 duo
555 1116 790 1162 conversis
816 1115 1011 1161 inimica
1036 1115 1085 1161 in
1112 1115 1288 1178 proelia
1315 1114 1431 1161 tauri

299 1183 536 1230 frontibus
563 1183 850 1238 incurrunt3
885 1182 1042 1244 pavidi
1071 1198 1248 1228 cessere
1275 1181 1518 1242 magistri3

300 1262 388 1296 stat
414 1267 557 1311 pecus
583 1266 723 1295 omne
749 1262 880 1295 metu
907 1262 1110 1306 mutum,
1138 1261 1440 1310 mussantque
1467 1247 1714 1302 iuvencae,

299 1317 403 1379 quis
430 1316 608 1362 nemori
635 1316 891 1378 imperitet,
913 1333 1055 1378 quern
1083 1329 1180 1361 tota
1207 1328 1416 1361 armenta
1436 1326 1728 1376 sequantur;

299 1383 370 1429 illi
397 1383 523 1429 inter
548 1400 643 1429 sese
670 1383 820 1428 multa
846 1382 889 1427 vi
915 1383 1113 1428 vulnera
1139 1381 1357 1439 miscent,
1667 1404 1728 1434 720

299 1467 571 1512 cornuaque
597 1449 760 1497 obnixi
789 1448 1010 1509 infigunt,
1038 1462 1084 1495 et
1111 1448 1336 1508 sanguine
1363 1448 1489 1507 largo

299 1517 422 1563 colla
447 1533 693 1579 armosque
715 1517 909 1571 lavant3
945 1516 1123 1576 gemitu
1147 1532 1312 1560 nemus
1329 1531 1469 1560 omne
1488 1512 1726 1574 remugit:

300 1600 397 1629 non
424 1583 559 1629 aliter
586 1583 707 1629 Tros
733 1584 916 1628 Aeneas
943 1595 990 1628 et
1015 1582 1232 1628 Daunius
1258 1583 1392 1627 heros

300 1663 593 1696 concurrunt
619 1650 783 1711 clipeis
805 1669 818 1706 ;
855 1649 1022 1710 ingens
1051 1649 1204 1710 fragor
1229 1649 1415 1694 aethera
1439 1647 1663 1708 complet.

301 1716 515 1778 Iuppiter
541 1717 639 1778 ipse
667 1717 776 1762 duas
804 1729 1004 1778 aequato
1030 1715 1248 1761 examine
1275 1716 1431 1761 lances

299 1783 514 1839 sustinet,
543 1796 589 1828 et
616 1784 708 1828 fata
736 1782 924 1844 inponit
951 1782 1132 1828 diversa
1157 1782 1378 1837 duorum,

300 1866 441 1924 quem
468 1849 661 1894 damnet
686 1849 831 1906 labor,
861 1862 906 1894 et
932 1865 1026 1910 quo
1051 1860 1211 1908 vergat
1236 1847 1441 1909 pondere
1467 1847 1631 1892 letum.

300 1916 472 1962 emicat
498 1915 629 1972 hic,
618 1932 798 1976 mpune
824 1927 1006 1977 putans,
1037 1928 1082 1960 et
1110 1930 1306 1976 corpore
1332 1926 1431 1959 toto

301 1983 393 2028 alte
420 1982 656 2028 sublatum
684 1981 923 2040 consurgit
951 1980 1186 2026 Turnus
1175 1997 1224 2025 1n
1252 1997 1427 2036 ensem,

300 2062 346 2095 et
372 2049 497 2095 ferit.
569 2049 835 2094 exclamant
863 2047 1012 2093 Troe‘s
1039 2046 1306 2109 trepidique
1333 2045 1509 2102 Latini,
1670 2069 1731 2099 730

301 2128 600 2178 arrectaeque
627 2115 871 2160 amborum
899 2113 1035 2160 acies.
1107 2126 1152 2159 at
1176 2113 1381 2176 perfidus
1407 2112 1529 2158 ensis

301 2182 546 2243 frangitur,
574 2181 621 2227 in
649 2181 902 2243 medioque
928 2181 1174 2227 ardentem
1201 2179 1373 2226 deserit
1398 2179 1513 2235 ictu,

300 2248 349 2294 ni
377 2249 486 2309 fuga
510 2248 717 2294 subsidio
743 2248 922 2294 subeat.
993 2247 1114 2307 fugit
1141 2246 1271 2293 ocior
1297 2246 1424 2292 Euro

301 2328 354 2361 ut
380 2315 604 2376 capulum
631 2314 848 2375 ignotum
874 2315 1184 2376 dextramque
1211 2312 1392 2375 aspexit
1417 2312 1666 2357 inermem.

302 2383 421 2427 fama
453 2394 538 2437 est,
567 2381 891 2443 praecipitem,
920 2397 1029 2426 cum
1062 2380 1215 2441 prima
1244 2379 1294 2424 in
1323 2377 1504 2441 proelia
1540 2377 1726 2423 iunctos

301 2419 650 2494 conscendebat
677 2464 835 2509 equos,
863 2447 1015 2509 patrio
1040 2462 1272 2492 mucrone
1297 2445 1480 2500 relicto,

301 2515 414 2560 dum
441 2514 662 2576 trepidat,
687 2514 866 2558 ferrum
892 2513 1077 2573 aurigae
1104 2511 1310 2573 rapuisse
1338 2510 1534 2556 Metisci
1559 2531 1572 2565 ;

301 2581 444 2644 idque
469 2580 568 2638 diu,
594 2580 707 2626 dum
734 2593 861 2640 terga
886 2579 1062 2624 dabant
1087 2577 1292 2640 palantia
1319 2576 1518 2634 Teucri,

301 2647 522 2704 suffecit3
559 2659 807 2709 postquam
834 2662 959 2691 arma
976 2645 1050 2691 dei
1077 2645 1133 2690 ad
1153 2644 1391 2690 Vulcania
1416 2655 1615 2690 ventum
1641 2655 1724 2699 est,

301 2714 509 2760 mortalis
536 2729 716 2769 mucr0‚
743 2712 912 2773 glacies
939 2729 1025 2758 ceu
1052 2711 1219 2769 futilis,
1246 2711 1344 2757 ictu
1666 2733 1727 2764 740

602 2802 677 2839 709
709 2791 911 2827 decernere.
1023 2800 1098 2838 727
1128 2795 1192 2825 aut
1211 2801 1296 2838 quo.
