1861 3256
196 231 250 271 94

649 224 694 262 P.
722 221 957 260 VERGILI
986 223 1244 261 MARONIS

266 330 492 387 audierat,
518 328 687 391 Tyrias
712 328 827 374 olim
852 345 968 391 quae
993 343 1195 377 verteret
1219 346 1344 376 arces
1370 349 1384 385 ;
1652 356 1693 378 20

263 396 377 442 hinc
404 396 635 458 populum
661 395 753 440 late
778 411 936 456 regem
962 396 1182 460 belloque
1207 396 1461 458 superbum

264 475 521 509 venturum
547 460 733 507 excidio
759 461 936 523 Libyae
964 480 974 509 ε
1011 462 1075 509 sic
1101 463 1288 509 volvere
1317 463 1493 509 Parcas.

264 529 313 575 id
338 540 553 574 metuens
581 526 841 590 veterisque
867 544 1047 575 memor
1074 529 1285 575 Saturnia
1309 528 1438 584 belli,

266 594 413 657 prima
439 592 566 656 quod
590 592 647 639 ad
674 593 870 640 Troiam
897 612 980 656 pro
1005 595 1119 641 caris
1144 607 1342 655 gesserat
1366 594 1502 655 Argis
1529 614 1608 642 :—

264 660 472 706 necdum
498 658 640 705 etiam
666 676 828 706 causae
855 661 1025 708 irarum
1052 662 1268 724 saevique
1293 661 1474 707 dolores

265 725 539 772 exciderant
565 725 722 772 animo
746 746 761 781 3
798 742 959 774 manet
984 729 1076 774 alta
1100 741 1259 774 mente
1286 741 1523 789 repostum

263 791 495 838 iudicium
523 792 698 838 Paridis
724 806 996 857 spretaeque
1021 794 1195 840 iniuria
1213 794 1411 850 formae,

263 871 310 904 et
334 874 479 919 genus
505 858 723 916 invisum,
753 873 799 906 et
825 860 942 922 rapti
970 860 1262 922 Ganymedis
1286 862 1486 907 honores
1513 879 1592 907 :—

262 925 333 970 his
360 941 554 971 accensa
580 942 716 987 super
740 926 934 973 iactatos
960 944 1158 991 aequore
1186 940 1284 973 toto

264 991 430 1048 Troas,
457 991 675 1054 reliquias
702 992 924 1039 Danaum
951 1007 1089 1057 atque
1115 994 1292 1040 inmitis
1317 993 1514 1050 Achilli,
1652 1018 1694 1048 30

264 1058 449 1104 arcebat
474 1058 613 1118 longe
639 1058 792 1115 Latio,
821 1060 1087 1134 multosque
1112 1077 1194 1135 per
1219 1077 1362 1106 annos

264 1124 478 1171 errabant
503 1125 594 1170 acti
621 1124 726 1170 fatis
752 1125 895 1171 maria
920 1126 1077 1172 omnia
1102 1127 1297 1173 circum.

264 1204 420 1238 tantae
446 1191 582 1237 molis
609 1205 705 1237 erat
733 1191 998 1239 Romanam
1024 1193 1225 1239 condere
1251 1206 1457 1253 gentem.

268 1265 314 1278 '‘
314 1255 421 1303 Vix
435 1275 459 1304 e
485 1254 743 1319 conspeetu
772 1258 972 1305 Siculae
982 1258 1201 1306 telluris'
1189 1261 1242 1304 in
1243 1259 1470 1305 astumffl

262 1325 367 1377 vela
392 1324 564 1370 dabant
591 1325 700 1371 laeti
727 1339 772 1371 et
798 1343 981 1387 spumas
1007 1326 1111 1371 salis
1137 1342 1238 1371 aere
1263 1325 1479 1381 ruebant,

264 1407 374 1437 cum
400 1392 523 1437 Iuno
548 1405 794 1438 aeternum
821 1409 1004 1438 servans
1031 1392 1115 1437 sub
1140 1405 1329 1454 pectore
1355 1393 1526 1438 vulnus

263 1459 377 1503 haec
405 1474 565 1504 secum
593 1477 602 1504 :
641 1463 655 1483 ‘
672 1475 811 1504 mene
838 1458 1030 1520 incepto
1054 1458 1271 1505 desistere
1297 1458 1484 1513 victam,

264 1541 352 1570 nec
379 1541 510 1586 posse
536 1525 673 1571 Italia
699 1525 1001 1571 Teucrorum
1028 1539 1233 1571 avertere
1258 1541 1415 1585 regem
1440 1529 1455 1571 ?

264 1591 437 1654 quippe
464 1605 596 1637 vetor
621 1591 742 1639 fatis.
817 1592 1029 1638 Pallasne
1056 1609 1251 1638 exurere
1277 1593 1471 1638 classem

262 1657 487 1717 Argivom
513 1672 651 1721 atque
677 1659 797 1720 ipsos
825 1658 979 1721 potuit
1007 1659 1300 1718 submergere
1326 1672 1473 1721 ponto
1655 1682 1693 1712 40

266 1723 402 1770 unius
429 1725 488 1769 ob
514 1741 687 1771 noxam
715 1739 760 1771 et
787 1725 927 1771 furias
953 1725 1108 1771 Aiacis
1136 1725 1302 1771 Oilei?

264 1790 375 1852 ipsa,
403 1791 525 1836 Iovis
551 1791 765 1852 rapidum
792 1792 992 1837 iaculata
1017 1808 1040 1837 e
1067 1791 1270 1837 nubibus
1296 1790 1471 1851 ignem,

264 1856 541 1920 disiecitque
568 1871 683 1903 rates
712 1859 974 1921 evertitque
1000 1875 1196 1921 aequora
1221 1858 1385 1913 ventis,

265 1923 403 1969 illum
430 1924 745 1985 exspirantem
773 1925 994 1970 transfixo
1020 1938 1208 1986 pectore
1235 1924 1443 1970 flammas

267 1990 454 2037 turbine
481 1990 706 2052 corripuit
732 1992 1020 2054 scopuloque
1047 1991 1202 2038 infixit
1228 2005 1365 2037 acuto
1391 2012 1404 2047 3

266 2069 333 2103 ast
359 2072 459 2116 ego,
485 2074 602 2120 quae
629 2058 789 2104 divom
816 2058 986 2104 incedo
1011 2058 1186 2118 regina,
1211 2058 1427 2121 Iovisque

267 2137 312 2169 et
338 2140 461 2168 soror
487 2137 533 2170 et
559 2141 787 2181 comunx,
815 2142 907 2170 una
933 2141 1042 2171 cum
1067 2138 1207 2184 gente
1234 2138 1302 2170 tot
1327 2141 1472 2170 annos

266 2190 390 2235 bella
413 2206 536 2249 gero,
608 2203 654 2237 et
679 2191 926 2254 quisquam
952 2208 1130 2237 numen
1157 2190 1353 2237 Iunonis
1379 2191 1534 2236 adorat

265 2270 519 2319 praeterea,
545 2270 622 2303 aut
649 2258 845 2320 supplex
874 2258 958 2303 aris
985 2258 1172 2320 inponit
1196 2259 1424 2303 honorem
1447 2255 1484 2302 ?'

334 2322 442 2368 talia
467 2323 705 2370 flammato
732 2342 892 2370 secum
918 2325 1002 2370 dea
1028 2325 1166 2370 corde
1192 2325 1406 2370 volutans
1655 2347 1695 2376 50

267 2388 537 2435 nimborum
563 2390 611 2435 in
638 2391 848 2451 patriam,
877 2392 980 2436 loca
1004 2391 1098 2436 feta
1123 2390 1386 2436 furentibus
1411 2389 1610 2446 Austris,

266 2455 482 2501 Aeoliam
508 2456 654 2502 venit.
724 2457 801 2502 hic
829 2470 954 2502 vasto
978 2474 1058 2502 rex
1088 2458 1262 2502 Aeolus
1289 2469 1421 2502 antro

269 2522 501 2568 luctantes
529 2536 691 2568 ventos
719 2536 1108 2586 tempestatesque
1135 2540 1318 2569 sonoras

269 2588 466 2650 irnperio
491 2588 677 2650 premit,
703 2606 754 2635 ac
781 2589 948 2635 vinclis
975 2603 1022 2635 et
1047 2606 1231 2635 carcere
1258 2590 1425 2636 frenat.

270 2655 340 2701 illi
368 2655 664 2716 indignantes
691 2672 859 2717 magno
885 2673 995 2702 cum
1021 2673 1259 2702 murmure
1286 2655 1459 2702 montis

544 2736 592 2785 48
625 2738 763 2775 adoret.
873 2750 924 2786 49
955 2737 1124 2787 inponat.
1182 2737 1350 2787 inponet.
