1861 3256
550 240 860 277 BUCOLICA:
905 239 1023 276 ECL.
1052 238 1117 276 ΙΙΙ
1563 250 1585 287 7

155 350 189 397 si
216 355 384 406 nescis,
412 365 544 395 meus
571 348 652 394 ille
680 365 820 410 caper
845 348 936 394 fuit
958 368 972 404 ;
1009 361 1056 393 et
1082 346 1198 392 mihi
1225 346 1415 392 Damon

153 417 249 479 ipse
276 417 510 463 fatebatur
532 435 545 472 ;
583 415 665 461 sed
688 415 882 461 reddere
908 432 1042 476 posse
1069 414 1286 475 negabat.

224 485 296 531 M.
336 483 570 530 cantando
589 496 638 529 tu
657 483 796 528 illum
817 486 833 528 ?
860 495 939 528 aut
957 499 1182 545 umquam
1200 480 1285 526 tibi
1308 480 1462 527 fistula
1479 498 1587 527 cera

152 550 468 598 iuncta‘fuit?
506 567 601 596 non
629 563 679 596 tu
706 549 757 595 in
783 549 945 604 triviis,
974 549 1183 606 indocte,
1209 548 1385 594 solebas

153 618 370 664 stridenti
397 617 621 663 miserum
648 617 821 679 stipula
848 616 1118 678 disperdere
1146 618 1373 662 carmen?

226 686 291 732 D.
327 685 395 731 vis
423 702 530 745 ergo
555 684 681 730 inter
706 701 788 729 nos
816 683 931 746 quid
956 684 1102 745 possit
1128 697 1328 745 uterque
1354 681 1565 727 vicissim

153 752 486 814 experiamur?
524 768 608 812 ego
632 753 755 797 hanc
781 751 1112 797 vitulam—ne
1139 750 1263 796 forte
1289 766 1489 805 recuseS,

151 820 222 865 bis
248 819 379 865 venit
405 819 462 864 ad
486 819 758 875 mulctram,
778 818 915 864 binos
940 818 1023 863 alit
1050 818 1194 863 ubere
1223 818 1414 863 fetus—
1551 841 1591 870 30

151 886 373 947 depono.
414 899 464 932 tu
491 886 583 941 dic,
612 902 803 931 mecum
830 901 924 948 quo
951 885 1146 947 pignore
1174 898 1340 931 certes.

224 954 297 999 M.
335 953 393 998 de
414 969 551 1013 grege
572 970 670 998 non
687 952 836 998 ausim
857 952 1114 1027 quicquam
1132 952 1369 1014 deponere
1390 964 1587 997 tecum:

152 1032 220 1067 est
245 1020 363 1066 mihi
390 1037 595 1083 namque
621 1020 750 1066 domi
776 1033 923 1082 pater,
953 1033 1020 1065 est
1045 1019 1220 1065 iniusta
1244 1036 1484 1064 noverca·
1473 1053 1486 1071 ,

150 1087 316 1150 bisque
343 1087 418 1133 die
445 1100 699 1133 numerant
725 1087 863 1133 ambo
888 1104 1052 1149 pecus,
1079 1087 1196 1132 alter
1223 1099 1269 1132 et
1293 1085 1483 1131 haedos.

150 1171 331 1212 verum,
359 1154 408 1200 id
433 1154 561 1217 quod
586 1155 738 1201 multo
764 1167 864 1201 tute
891 1155 992 1217 ipse
1018 1154 1230 1200 fatebere
1257 1152 1478 1198 maius-—

150 1222 356 1268 insanire
382 1222 501 1268 libet
527 1222 756 1284 quoniam
782 1221 1111 1283 tibi—pocula
1136 1237 1312 1283 ponam

152 1289 321 1349 fagina,
350 1289 583 1335 caelatum
610 1289 760 1335 divini
787 1307 901 1351 opus
927 1287 1278 1335 Alcimedontis
1305 1305 1314 1333 :

150 1356 281 1402 lenta
305 1356 475 1418 quibus
502 1369 639 1402 torno
665 1356 796 1402 facili
823 1373 962 1418 super
987 1355 1147 1401 addita
1172 1354 1282 1400 vitis

151 1423 343 1469 diffusos
368 1423 543 1469 hedera
567 1423 710 1470 vestit
736 1424 946 1485 pallente
974 1422 1237 1484 corymbos.

150 1491 201 1535 in
228 1490 387 1536 medio
413 1490 508 1536 duo
534 1490 677 1550 signa,
706 1491 877 1537 Conon
905 1489 1125 1552 et———quis
1152 1488 1243 1535 fuit
1270 1489 1401 1544 alter,
1548 1513 1590 1542 40

151 1557 399 1618 descripsit
425 1557 555 1604 radio
582 1571 736 1604 totum
763 1558 843 1620 qui
869 1557 1089 1617 gentibus
1116 1556 1295 1612 orbem,

152 1637 365 1687 tempora
390 1642 509 1687 quae
535 1641 726 1681 messor,
754 1641 873 1686 quae
900 1641 1071 1669 curvus
1099 1635 1249 1668 arator
1273 1622 1505 1668 haberet?

151 1693 359 1738 necdum
385 1692 477 1737 illis
505 1691 633 1737 labra
658 1691 860 1748 admovi,
888 1691 967 1736 sed
995 1690 1189 1736 condita
1214 1707 1362 1736 servo.

224 1759 289 1806 D.
327 1772 374 1805 et
400 1759 534 1805 nobis
561 1758 690 1804 idem
717 1758 1008 1804 Alcimedon
1036 1757 1132 1803 duo
1156 1757 1329 1819 pocula
1357 1756 1488 1813 fecit,

152 1838 198 1873 et
222 1825 357 1872 molli
385 1826 566 1872 circum
593 1839 661 1872 est
689 1843 815 1872 ansas
844 1825 1089 1887 amplexus
1117 1825 1333 1879 acantho,

152 1894 440 1956 Orpheaque
466 1893 516 1939 in
543 1893 702 1939 medio
727 1892 883 1955 posuit
909 1893 1141 1955 silvasque
1169 1904 1418 1954 sequentes
1440 1911 1453 1944 3

151 1961 359 2007 necdum
384 1960 480 2006 illis
507 1960 636 2006 labra
661 1960 864 2016 admovi,
893 1960 975 2006 sed
1000 1959 1193 2005 condita
1220 1976 1365 2005 servo-

151 2027 187 2073 si
214 2028 273 2074 ad
295 2027 495 2074 vitulam
521 2041 717 2090 spectas,
745 2027 867 2073 nihil
896 2040 965 2073 est
990 2027 1118 2090 quod
1142 2027 1314 2089 pocula
1341 2025 1519 2072 laudes.

222 2095 296 2142 M.
335 2112 598 2158 numquam
624 2095 767 2141 hodie
799 2094 1030 2155 effugies;
1067 2094 1255 2140 veniam
1282 2109 1586 2156 quocumque

284 2179 481 2210 vocaris.

152 2230 308 2277 audiat
332 2231 449 2276 haec
467 2230 799 2276 tantum—vel
822 2230 902 2293 qui
921 2229 1070 2286 venit,
1093 2246 1220 2287 ecce,
1242 2228 1514 2274 Palaemon.
1550 2251 1589 2280 50

151 2297 366 2354 efficiam,
391 2299 582 2359 posthac
609 2314 669 2343 ne
695 2314 987 2360 quemquam
1012 2314 1129 2343 voce
1157 2297 1362 2343 lacessaS.

223 2365 288 2411 D.
326 2365 442 2427 quin
464 2382 563 2425 age,
581 2364 615 2410 si
633 2365 750 2427 quid
768 2364 925 2421 habes,
946 2364 995 2409 in
1017 2381 1091 2410 me
1110 2382 1237 2410 mora
1254 2380 1349 2409 non
1368 2362 1456 2409 erit
1477 2362 1585 2418 ulla,

152 2448 239 2477 nec
267 2449 554 2494 quemquam
582 2431 713 2493 fugio
737 2450 746 2478 :
788 2445 988 2489 tantum,
1017 2431 1174 2478 vicine
1204 2431 1474 2488 Palaemon,

153 2498 359 2545 sensibus
385 2500 499 2545 haec
526 2499 770 2545 imis—res
798 2513 865 2546 est
891 2516 988 2545 non
1014 2515 1434 2563 parva—reponaS.

222 2566 276 2611 P.
323 2566 485 2623 dicite,
544 2566 931 2629 quandoquidem
991 2566 1041 2612 in
1101 2566 1235 2611 molli
1290 2564 1588 2612 consedimus

287 2633 443 2689 herba,

155 2711 200 2744 et
226 2715 356 2744 nunc
384 2700 536 2746 omnis
562 2718 684 2761 ager,
711 2718 840 2747 nunc
868 2701 1020 2747 omnis
1045 2700 1244 2762 parturit
1271 2699 1415 2754 arbos,

154 2781 284 2811 nunc
313 2766 533 2813 frondent
558 2768 718 2825 silvae,
744 2785 873 2814 nunc
901 2767 1258 2813 formosissimus
1286 2782 1449 2811 annus.
