1866 3208
272 239 316 277 P.
347 236 581 275 VERGILI
611 236 872 275 MARoms
902 236 1177 274 AENEmos
1207 235 1311 275 LIB.
1340 236 1380 273 x
1493 247 1569 286 299

137 344 379 392 obsidione
405 342 562 389 sines?
631 342 776 389 muris
801 343 976 390 iterum
1002 343 1208 390 inminet
1232 341 1376 389 hostis

139 411 376 458 nascentis
402 409 597 466 Troiae,
625 426 715 455 nec
743 427 841 456 non
871 411 1106 458 exercitus
1133 411 1289 467 alter3

139 492 280 541 atque
306 477 479 523 iterum
503 476 555 522 in
583 476 799 523 Teucros
824 477 1009 524 Aetolis
1037 477 1184 539 surgit
1209 477 1267 523 ab
1294 475 1436 539 Arpis

139 544 371 607 Tydides·
443 542 665 606 equidem
692 544 850 601 credo,
878 561 983 591 mea
1009 544 1208 591 vulnera
1232 556 1428 601 restant,

138 624 184 658 et
211 624 289 657 tua
313 610 563 673 progenies
590 610 810 656 mortalia
835 611 1057 658 demoror
1083 628 1210 658 arma
1234 612 1242 658 l
1534 634 1574 665 30

137 678 173 724 si
200 677 300 724 sine
326 694 444 740 pace
471 690 551 724 tua
578 690 721 740 atque
746 677 901 724 invito
928 678 1129 725 numine
1157 679 1309 724 Troe‘s

137 745 324 792 Italiam
350 745 548 807 petiere,
577 744 712 791 luant
738 758 935 807 peccata
963 762 1120 808 neque
1146 745 1253 792 illos

136 811 309 858 iuveris
336 811 510 857 auxilio
537 830 546 858 :
584 811 656 858 sin
685 824 757 858 tot
783 828 1007 874 responsa
1034 813 1198 870 secuti,

136 895 255 942 quae
281 878 436 941 superi
456 879 726 942 Manesque
753 878 949 936 dabant,
976 896 1061 925 cur
1078 896 1208 926 nunc
1227 892 1307 926 tua
1324 878 1573 942 quisquam

135 959 318 993 vertere
343 945 465 992 iussa
490 949 679 1008 potest?
706 958 786 992 aut
813 963 896 992 cur
922 962 1044 992 nova
1072 946 1280 993 condere
1307 946 1439 992 fata?

137 1013 251 1076 quid
275 1026 489 1076 repetam
517 1026 703 1059 exustas
732 1013 941 1076 Erycino
967 1013 1017 1059 in
1045 1013 1185 1060 litore
1213 1013 1416 1060 classes?

137 1080 252 1143 quid
279 1092 621 1143 tempestatum
650 1096 811 1141 regem
837 1094 1100 1143 ventosque
1127 1080 1341 1126 furentes

134 1147 303 1194 Aeolia
330 1147 509 1194 excitos
531 1151 547 1193 ?
585 1160 666 1194 aut
694 1160 850 1194 actam
877 1147 1084 1194 nubibus
1110 1147 1265 1194 Irim?

136 1231 266 1261 nunc
294 1214 438 1262 etiam
466 1215 831 1261 Manes—haec
859 1214 1149 1278 intemptata
1175 1213 1400 1261 manebat

136 1299 230 1328 sors
256 1295 661 1340 rerum—movet,
692 1295 738 1328 et
765 1281 944 1344 superis
970 1281 1163 1328 inmissa
1188 1294 1387 1344 repente
1534 1305 1576 1335 40

134 1349 343 1404 Allecto,
370 1349 550 1395 medias
576 1349 758 1395 Italum
785 1349 1016 1396 bacchata
1040 1366 1126 1412 per
1152 1349 1308 1396 urbes.

137 1415 205 1462 nil
232 1432 372 1478 super
397 1415 600 1478 imperio
626 1432 858 1470 moveor3
896 1416 1185 1479 speravimus
1211 1416 1314 1473 ista,

136 1483 251 1529 dum
277 1483 468 1529 fortuna
494 1482 587 1529 fuit
610 1503 624 1540 ;
661 1483 876 1541 vincant,
907 1501 1021 1546 quos
1047 1483 1240 1530 vincere
1267 1481 1431 1530 mavis.

136 1549 171 1597 si
199 1550 330 1596 nulla
357 1564 425 1597 est
450 1550 596 1611 regio,
625 1550 830 1597 Teucris
857 1567 999 1613 quam
1025 1551 1106 1597 det
1133 1563 1213 1597 tua
1239 1549 1451 1597 coniunx

137 1617 266 1675 dura,
292 1634 378 1680 per
404 1634 608 1675 eversae,
637 1617 840 1679 genitor,
868 1617 1104 1664 fumantia
1131 1617 1311 1663 Troiae

136 1684 322 1731 excidia
348 1684 576 1740 obtestor,
603 1684 746 1731 liceat
773 1684 1018 1731 dimittere
1045 1685 1101 1731 ab
1129 1683 1268 1730 armis

135 1751 430 1799 incolumem
454 1752 734 1809 Ascanium,
763 1751 907 1798 liceat
935 1768 1174 1815 superesse
1202 1764 1445 1813 nepotem.

134 1820 323 1866 Aeneas
349 1835 462 1865 sane
487 1818 662 1880 ignotis
690 1818 893 1865 iactetur
918 1819 969 1865 in
996 1818 1151 1877 undis,

137 1899 199 1944 et,
226 1903 580 1949 quamcumque
605 1885 733 1933 viam
761 1885 948 1933 dederit
974 1885 1184 1943 fortuna,
1213 1897 1433 1950 sequatur
1456 1903 1467 1932 :

135 1955 266 2000 hunc
293 1966 470 2014 tegere,
497 1966 544 1999 et
570 1953 701 2000 dirae
729 1953 913 2000 valeam
940 1953 1207 2000 subducere
1233 1968 1436 2016 pugnae.
1535 1975 1577 2006 50

137 2033 207 2067 est
230 2020 480 2078 Amathus,
509 2033 577 2067 est
604 2020 727 2067 celsa
755 2020 874 2066 mihi
905 2021 1093 2082 Paphus
1122 2033 1262 2083 atque
1290 2019 1500 2082 Cythera

137 2087 413 2150 Idaliaeque
439 2087 608 2133 domus
635 2105 645 2134 :
682 2087 850 2150 positis
877 2087 1107 2147 inglorius
1134 2087 1274 2134 armis

139 2153 294 2215 exigat
318 2154 398 2201 hic
425 2171 611 2202 aevum.
682 2170 853 2215 magna
881 2153 1073 2201 dicione
1100 2153 1264 2200 iubeto

137 2221 381 2283 Karthago
406 2234 592 2284 premat
615 2220 881 2267 Ausoniam
905 2241 919 2278 3
958 2220 1079 2267 nihil
1107 2220 1300 2267 urbibus
1327 2219 1440 2266 inde

137 2288 344 2336 obstabit
370 2288 550 2351 Tyriis.
622 2288 738 2352 quid
763 2300 948 2351 pestem
977 2288 1176 2335 evadere
1201 2287 1316 2335 belli

137 2355 257 2402 iuvit
282 2368 330 2403 et
352 2356 599 2417 Argolicos
626 2355 840 2402 medium
867 2354 1042 2417 fugisse
1067 2372 1154 2418 per
1179 2354 1327 2416 ignes,

139 2434 304 2485 totque
329 2423 470 2470 maris
495 2435 748 2486 vastaeque
775 2423 1002 2470 exhausta
1028 2422 1243 2486 pericula
1270 2435 1438 2479 terrae,

139 2487 254 2535 dum
279 2489 473 2538 Latium
499 2490 681 2537 Teucri
707 2489 1013 2554 recidivaque
1047 2490 1275 2552 Pergama
1303 2488 1576 2552 quaerunt?

140 2570 238 2600 non
263 2555 420 2614 satius,
446 2556 630 2604 cineres
655 2557 834 2620 patriae
860 2556 1087 2604 insedisse
1115 2572 1355 2620 supremos

141 2633 281 2684 atque
307 2622 476 2681 solum,
496 2641 590 2687 quo
611 2624 764 2671 Troia
789 2624 880 2671 fuit
901 2627 917 2670 ?
990 2625 1241 2671 Xanthum
1263 2635 1310 2668 et
1332 2621 1577 2668 Simoenta

139 2687 302 2746 redde,
329 2705 428 2746 or0,
454 2690 654 2747 miseris,
678 2690 953 2754 iterumque
979 2691 1224 2737 revolvere
1252 2705 1384 2736 casus
1534 2700 1575 2733 61

469 2779 514 2819 35
547 2770 642 2809 iura.
752 2771 801 2818 48
835 2773 963 2822 procul
979 2781 1044 2823 pro
1063 2784 1164 2809 sane.
