1861 3256
637 223 911 261 AENEIDos
941 223 1043 261 ΜΒ.
1074 222 1115 261 11
1561 233 1632 273 125

193 349 308 409 quos
334 332 414 379 ubi
441 331 678 378 confertos
704 330 873 377 audere
900 330 949 377 in
974 331 1151 393 proelia
1176 331 1289 388 vidi,

142 411 160 426 '³
191 399 373 462 incipio
398 415 533 473 super
557 397 664 444 his:
704 397 940 454 ‘iuvenes‚
967 399 1215 445 fortissima
1241 399 1411 445 frustra

190 479 400 529 pectora,
426 465 460 511 si
485 464 616 511 vobis
641 464 894 539 audentem
921 479 1133 513 extrema
1157 465 1330 528 cupido

193 546 320 580 certa
346 531 492 595 sequi,
518 548 635 594 quae
661 544 719 577 Slt
743 531 878 577 rebus
905 531 1091 579 fortuna
1115 533 1316 580 videtis:
1568 555 1631 588 350

191 616 435 648 excessere
460 614 643 674 omnes,⁸
666 598 812 660 adytis
839 598 1018 661 arisque
1043 600 1237 657 relictis,

190 666 256 742 di,
282 666 487 731 quibus
475 665 729 728 imperium
754 666 843 712 hoc
872 678 1093 713 steterat·
1081 703 1095 721 ‚
1132 666 1401 714 succurritis
1426 665 1530 713 urbi

191 733 446 780 incensae:
485 732 753 809 moriamur,
783 747 828 778 et
854 731 902 778 in
930 733 1085 779 media
1112 751 1236 780 arma
1260 751 1464 782 ruamUS.

192 818 284 847 una
310 801 429 847 salus
454 800 590 847 victis
617 800 797 846 nullam
825 816 1008 862 sperare
1036 799 1265 848 salutem.’

191 868 256 916 sic
283 868 450 914 animis
475 868 702 915 iuvenum
729 867 858 913 furor
883 867 1081 914 additus.
1153 867 1278 925 inde,
1306 868 1407 943 lupi
1433 884 1521 914 ceu

190 948 399 998 raptores
424 949 519 982 atra
544 935 593 981 in
619 934 810 992 nebula,
836 951 950 997 quos
976 934 1176 997 inproba
1199 935 1375 981 ventris

191 1002 352 1064 exegit
378 1019 541 1049 caecos
565 1001 729 1058 rabies,
757 1001 997 1065 catulique
1023 1002 1180 1049 relicti

191 1069 404 1116 faucibus
431 1081 706 1131 exspectant
733 1069 883 1126 sicci5‚
911 1086 994 1131 per
1019 1070 1125 1126 tela,
1153 1086 1236 1132 per
1259 1070 1414 1115 hostes

191 1136 403 1183 vadimus
427 1136 555 1183 haud
579 1136 772 1183 dubiam
798 1136 848 1182 in
875 1149 1093 1194 mortem,
1113 1136 1390 1199 mediaeque
1416 1148 1632 1182 tenemus

191 1203 317 1250 urbis
342 1203 430 1250 iter
453 1222 463 1251 ε
503 1220 599 1250 nox
626 1217 723 1251 atra
749 1220 860 1250 cava
886 1204 1199 1250 circumvolat
1224 1203 1403 1250 umbra.
1573 1217 1635 1258 360

191 1270 294 1334 quis
320 1271 505 1318 cladem
530 1271 658 1317 illius
684 1271 855 1328 noctis,
882 1271 983 1334 quis
1009 1271 1175 1318 funera
1198 1270 1343 1317 fando

191 1337 416 1400 explicet,
444 1354 523 1385 aut
548 1337 692 1401 possit
718 1338 922 1385 lacrimis
949 1355 1145 1402 aequare
1172 1338 1387 1384 labores?

191 1405 302 1452 urbs
327 1405 519 1468 antiqua
543 1405 654 1462 ruit,
682 1406 857 1452 multos
883 1405 1123 1452 dominata
1146 1422 1229 1467 per
1254 1422 1400 1451 annos
1425 1423 1435 1452 ε

190 1471 396 1534 plurima
421 1488 598 1535 perque
623 1472 717 1519 vias
744 1485 1017 1519 sternuntur
1042 1472 1212 1518 inertia
1236 1472 1405 1534 passim

191 1556 402 1600 corpora,
427 1556 603 1603 perque
630 1539 790 1586 domos
818 1553 863 1586 et
890 1539 1101 1600 religiosa
1126 1540 1321 1586 deorum

190 1605 374 1652 limina.
443 1623 532 1652 nec
560 1606 643 1652 soli
669 1624 843 1668 poenas
869 1607 983 1653 dant
1008 1606 1232 1667 sanguine
1261 1604 1475 1652 Teucri·
1464 1625 1477 1661 3

192 1673 431 1736 quondam
456 1672 597 1719 etiam
623 1673 761 1719 victis
788 1672 946 1720 redit
935 1690 984 1718 1n
1007 1672 1283 1736 praecordia
1308 1672 1473 1729 virtus,

191 1740 488 1802 victoresque
516 1740 691 1786 cadunt
717 1739 888 1787 Danai.
963 1739 1166 1786 crudelis
1191 1739 1369 1815 ubique

190 1808 364 1864 luctuS,
391 1806 565 1870 ubique
591 1824 749 1869 pavor,
777 1820 823 1853 et
847 1807 1055 1870 plurima
1079 1807 1244 1854 mortis
1269 1807 1440 1868 imago.

258 1873 439 1936 primus
465 1891 525 1931 se,
554 1874 777 1921 Danaum
804 1891 976 1950 magna
1001 1875 1260 1921 comitante
1288 1888 1489 1931 caterva,
1574 1898 1638 1929 370

189 1941 468 2017 Androgeos
493 1941 632 1989 offert
656 1941 807 1999 nobiS,
835 1941 960 1988 socia
985 1942 1173 2003 agmina
1198 1941 1394 1988 credens

191 2008 383 2066 inscius,
410 2021 549 2072 atque
575 2009 700 2056 ultro
727 2009 877 2056 verbis
907 2010 1166 2072 compellat
1192 2009 1388 2056 amicis:

193 2076 430 2151 festinate,
455 2075 561 2123 viri.
631 2093 741 2123 nam
767 2093 886 2151 quae
914 2089 1010 2122 tam
1037 2093 1137 2122 sera
1161 2090 1368 2122 moratur

193 2143 449 2205 segnities?
485 2142 563 2189 alii
589 2143 778 2205 rapiunt
803 2143 999 2190 incensa
1025 2143 1278 2207 feruntque

195 2210 422 2273 Pergama
444 2231 458 2268 3
495 2227 575 2256 vos
601 2210 735 2257 celsis
761 2227 890 2257 nunc
918 2210 1128 2274 primum
1155 2228 1180 2257 a
1203 2209 1401 2257 navibus
1425 2209 1501 2256 itis
1524 2207 1564 2257 !'

193 2277 315 2324 dixit
335 2297 350 2332 3
386 2291 434 2325 et
459 2277 926 2342 extemplo—neque
955 2277 1086 2324 enim
1111 2294 1329 2340 responsa
1353 2277 1585 2325 dabantur

196 2344 286 2391 fida
309 2344 629 2391 satis—sensit
653 2345 832 2392 medios
857 2345 1110 2408 delapsus
1099 2362 1149 2392 1n
1174 2346 1345 2394 hostes,

196 2411 438 2488 obstipuit,
462 2425 677 2487 retroque
703 2412 874 2475 pedem
901 2429 1014 2460 cum
1041 2429 1156 2459 voce
1180 2411 1412 2476 repressit.

197 2476 485 2553 inprovisum
511 2480 655 2542 aspris
680 2479 828 2526 veluti
855 2479 934 2544 qui
964 2480 1173 2527 sentibus
1198 2496 1400 2541 anguem

197 2545 362 2606 pressit
385 2546 519 2593 humi
544 2546 719 2605 nitens,
744 2547 1049 2612 trepidusque
1074 2561 1270 2610 repente
1295 2545 1469 2607 refugit
1578 2559 1642 2600 380

199 2610 533 2659 attollentem
522 2631 625 2671 uas,
651 2627 698 2661 et
724 2614 909 2661 caerula
934 2615 1056 2661 colla
1081 2628 1383 2662 tumentem:

198 2676 326 2723 haud
350 2694 479 2725 secus
503 2680 779 2743 Androgeos
804 2681 906 2728 visu
932 2682 1236 2729 tremefactus
1263 2680 1434 2727 abibat.

746 2769 822 2808 349
852 2759 1027 2799 audendi.

1539 2439 1622 2482 a.
