1866 3208
299 241 376 281 232
746 232 790 270 P.
819 230 1052 269 VERGILI
1083 231 1341 269 MARONIS

364 339 719 401 Laurentesque
745 338 802 384 ab
830 354 883 384 ea
909 355 1085 385 nomen
1111 339 1317 401 posuisse
1343 338 1542 386 colonis.

365 405 502 451 huius
528 422 635 466 apes
662 420 900 450 summum
925 405 1382 453 densae—mirabile
1408 405 1611 451 dictu—

363 471 562 517 stridore
588 470 772 530 ingenti
800 470 1036 532 liquidum
1063 485 1188 518 trans
1213 474 1608 531 aetherasvectae,

363 537 588 583 obsedere
615 536 816 598 apicem,
845 550 891 583 et
921 537 1119 600 pedibus
1145 556 1229 602 per
1255 552 1418 585 mutua
1445 538 1578 584 nexis

365 619 565 649 examen
592 603 802 650 subitum
827 621 957 650 ramo
983 605 1238 652 frondente
1262 604 1510 667 pependit.

363 664 595 716 continuo
619 674 805 727 vates,‘
823 683 1073 718 externum
1099 672 1353 740 cernimus,
1359 671 1569 733 ’inquit,

363 736 618 782 adventare
644 735 811 794 virum,
840 750 886 784 et
911 751 1064 800 partes
1088 751 1253 801 petere
1280 755 1444 798 agmen
1473 737 1659 784 easdem

361 802 570 864 partibus
599 819 654 848 ex
681 802 846 862 isdem,
876 817 922 850 et
948 821 1127 851 summa
1153 804 1441 851 dominarier
1466 804 1604 851 arce.’
1749 829 1789 858 70

361 881 618 931 praeterea,
646 869 782 915 castis
809 870 971 917 adolet
996 871 1109 918 dum
1137 871 1300 917 altaria
1329 871 1488 929 taedis,

364 948 410 981 et
435 935 566 980 iuxta
591 935 855 995 genitorem
883 937 1034 983 adstat
1060 938 1261 984 Lavinia
1285 938 1429 998 virg0‚

361 1002 471 1059 visa,
500 1001 647 1059 nefas,
676 1002 826 1062 longis
853 1004 1192 1065 comprendere
1220 1005 1428 1051 crinibus
1455 1005 1632 1064 ignem,

362 1081 503 1131 atque
530 1084 723 1115 omnem
748 1082 967 1115 ornatum
994 1069 1181 1117 flamma
1207 1071 1468 1133 crepitante
1496 1071 1710 1128 cremari,

361 1135 635 1197 regalesque
663 1151 858 1181 accensa
884 1152 1053 1194 comas,
1082 1154 1279 1183 accensa
1304 1154 1527 1183 coronam

362 1201 600 1262 insignem
625 1202 862 1261 gemmis;
903 1215 1004 1248 tum
1031 1204 1213 1250 fumida
1240 1204 1424 1250 lumine
1451 1204 1585 1250 fulvo

361 1267 558 1324 involvi,
585 1285 636 1314 ac
666 1268 775 1314 totis
803 1269 1079 1316 Vulcanum
1106 1287 1318 1332 spargere
1346 1270 1497 1317 tectis.

360 1334 410 1380 id
435 1351 546 1380 vero
572 1335 862 1381 horrendum
889 1352 942 1381 ac
970 1336 1070 1382 visu
1098 1337 1312 1383 mirabile
1339 1336 1448 1383 ferri
1474 1355 1484 1383 ε

361 1417 566 1463 namque
593 1401 694 1448 fore
721 1402 972 1448 inlustrem
999 1403 1122 1448 fama
1150 1403 1351 1466 fatisque
1378 1403 1616 1450 canebant

360 1467 523 1530 ipsam,
551 1468 631 1514 sed
655 1469 835 1530 populo
861 1485 1087 1530 magnum
1114 1470 1399 1531 portendere
1430 1470 1629 1517 bellum.
1749 1484 1791 1515 80

361 1547 407 1580 at
432 1551 511 1580 rex
538 1535 770 1580 sollicitus
798 1536 1016 1582 monstris
1043 1537 1231 1582 oracula
1259 1536 1424 1593 Fauni,

360 1601 543 1647 fatidici
569 1601 810 1662 genitoris,
837 1602 948 1659 adit,
978 1603 1204 1665 lucosque
1231 1603 1316 1649 sub
1343 1604 1439 1649 alta

361 1667 565 1714 consulit
589 1668 826 1725 Albunea,
855 1685 1104 1715 nemorum
1130 1687 1250 1732 quae
1277 1669 1481 1715 maxima
1507 1685 1638 1715 sacro

361 1734 497 1780 fonte
523 1747 656 1780 sonat
681 1751 961 1797 saevamque
990 1736 1180 1781 exhalat
1210 1753 1356 1798 opaca
1383 1736 1653 1798 mephitim.

361 1801 474 1847 hinc
502 1801 649 1846 Italae
675 1814 838 1861 gentes
864 1802 1114 1864 omnisque
1142 1802 1374 1848 Oenotria
1401 1803 1543 1849 tellus

360 1867 409 1912 in
436 1867 590 1913 dubiis
615 1884 834 1929 responsa
859 1881 1063 1930 petunt;
1099 1869 1192 1915 huc
1219 1869 1344 1915 dona
1370 1869 1582 1915 sacerdos

361 1950 471 1980 cum
498 1933 623 1991 tulit,
653 1947 699 1980 et
724 1951 963 1980 caesarum
991 1935 1151 1981 ovium
1178 1936 1261 1981 sub
1288 1949 1431 1982 nocte
1457 1935 1618 1982 silenti

359 2000 565 2062 pellibus
592 2000 813 2046 incubuit
839 2001 1006 2058 stratis,
1036 2018 1317 2064 somnosque
1342 2002 1529 2064 petivit,

359 2067 509 2113 multa
535 2067 687 2113 modis
713 2067 962 2114 simulacra
987 2068 1117 2114 videt
1142 2068 1391 2114 volitantia
1418 2068 1565 2125 miris,

361 2146 406 2179 et
431 2133 576 2179 varias
603 2133 736 2180 audit
761 2151 915 2192 voces,
943 2134 1210 2198 fruiturque
1237 2136 1434 2181 deorum
1747 2158 1790 2191 90

359 2200 616 2262 colloquio,
643 2213 785 2263 atque
811 2200 916 2247 imis
943 2203 1220 2248 Acheronta
1246 2202 1434 2248 adfatur
1459 2201 1676 2249 Avernis.

358 2266 435 2312 hic
464 2280 510 2312 et
537 2279 638 2313 tum
663 2280 798 2329 pater
823 2267 921 2330 ipse
948 2281 1117 2330 petens
1141 2286 1360 2330 responsa
1387 2267 1585 2314 Latinus

359 2345 555 2379 centum
581 2333 809 2393 lanigeras
835 2335 1071 2380 mactabat
1096 2334 1183 2381 rite
1211 2335 1444 2391 bidentes,

359 2411 501 2460 atque
527 2399 691 2445 harum
719 2401 909 2446 effultus
939 2413 1067 2461 tergo
1092 2401 1342 2463 stratisque
1368 2400 1551 2446 iacebat

359 2464 614 2511 velleribus
639 2484 649 2512 :
688 2466 838 2512 subita
866 2483 921 2512 ex
949 2467 1046 2512 alto
1071 2484 1160 2512 vox
1187 2467 1371 2512 reddita
1398 2466 1508 2512 luco
1535 2478 1603 2513 est
1626 2483 1637 2513 ε

325 2535 340 2556 ‘
361 2547 421 2577 ne
445 2544 558 2593 pete
584 2532 801 2578 conubiis
829 2546 989 2578 natam
1016 2532 1193 2579 sociare
1220 2532 1420 2591 Latinis,

361 2614 389 2643 o
414 2614 519 2645 mea
535 2598 806 2673 progenies,
836 2599 1054 2645 thalamis
1080 2616 1175 2645 neu
1202 2600 1342 2646 crede
1367 2599 1570 2662 paratis·
1556 2633 1572 2653 ,

362 2664 545 2710 externi
570 2665 768 2711 venient
793 2665 971 2725 generi,
998 2665 1080 2728 qui
1107 2666 1333 2726 sanguine
1360 2679 1572 2713 nostrum

736 2741 787 2791 84
815 2755 983 2780 saevum.
1093 2742 1141 2792 98
1174 2743 1343 2782 veniunt.
