1866 3208
714 932 917 980 LIBER
955 933 1382 982 UNDECIMUS

374 1085 620 1132 OCEANUM
648 1084 827 1131 interea
853 1101 1043 1146 surgens
1068 1086 1247 1133 Aurora
1272 1087 1480 1150 reliquit.

370 1153 571 1208 AeneaS‚
598 1168 884 1215 quamquam
912 1165 959 1198 et
984 1152 1119 1199 sociis
1143 1154 1249 1199 dare
1275 1167 1459 1216 tempus
1485 1153 1735 1200 humandis

370 1219 684 1282 praecipitant
712 1235 849 1264 curae
878 1219 1151 1282 turbataque
1179 1220 1345 1266 funere
1371 1237 1504 1267 mens
1529 1234 1611 1279 est,

370 1298 477 1332 vota
502 1286 647 1332 deum
675 1285 827 1347 primo
852 1285 1003 1332 victor
1028 1286 1234 1333 solvebat
1261 1287 1375 1335 Eoo,

371 1352 616 1413 ingentem
646 1369 874 1415 quercum
901 1351 1067 1399 decisis
1093 1353 1302 1416 undique
1328 1355 1464 1400 ramis

371 1419 620 1467 constituit
649 1420 851 1476 tumulo,
878 1419 1200 1482 fulgentiaque
1226 1420 1382 1467 induit
1407 1437 1545 1478 arma,

373 1486 590 1533 Mezenti
620 1486 752 1532 ducis
781 1486 984 1543 exuviaS‚
1013 1486 1115 1543 tibi,
1141 1503 1325 1548 magne,
1353 1501 1612 1562 tropaeum,

372 1553 663 1615 Bellipotens
692 1573 706 1609 ;
746 1566 870 1616 aptat
896 1566 1099 1599 rorantes
1126 1554 1351 1615 sanguine
1378 1554 1534 1601 cristas

371 1620 559 1683 telaque
587 1634 754 1667 trunca
782 1619 869 1666 viri
899 1634 944 1666 et
971 1619 1039 1665 bis
1066 1637 1141 1666 sex
1171 1622 1359 1667 thoraca
1384 1621 1587 1696 peti-otum

370 1687 726 1750 perfossumque
756 1687 885 1741 locis,
917 1686 1217 1749 clipeumque
1244 1704 1299 1733 ex
1326 1704 1429 1734 aere
1456 1687 1666 1734 sinistrae
1753 1712 1790 1734 10

370 1753 585 1814 subligat,
614 1767 752 1815 atque
784 1769 944 1799 ensem
972 1754 1098 1799 collo
1124 1754 1365 1814 suspendit
1391 1755 1639 1801 eburnum.
1865 1803 1866 1806 ,

370 1833 472 1867 tum
497 1819 663 1876 socios,
694 1836 898 1882 namque
927 1819 1078 1865 omnis
1106 1836 1213 1865 eum
1240 1820 1406 1882 stipata
1432 1820 1618 1881 tegebat
1865 1840 1866 1874 1

370 1887 504 1934 turba
528 1887 723 1943 ducum,
753 1887 816 1933 sic
848 1886 1081 1948 incipiens
1107 1888 1320 1933 hortatur
1345 1900 1534 1934 ovantes
1559 1905 1569 1933 ε

370 1953 573 2000 maxima
597 1971 667 1999 res
697 1954 879 2010 effecta,
909 1953 993 1998 viri
1022 1973 1035 2009 ;
1072 1953 1213 2000 timor
1235 1954 1388 1999 omnis
1413 1954 1586 2009 abesto,

370 2020 506 2095 qumod
521 2034 731 2082 superest
756 2040 770 2074 3
810 2021 924 2066 haec
955 2034 1064 2066 sunt
1090 2020 1251 2081 spolia,
1277 2033 1322 2066 et
1347 2021 1405 2066 de
1431 2037 1538 2081 rege
1564 2019 1762 2082 superbo

371 2087 619 2149 primitiae,
651 2086 964 2150 manibusque
994 2087 1109 2133 meis
1137 2087 1409 2133 Mezentius
1433 2087 1511 2133 hic
1539 2100 1619 2133 est.

372 2170 499 2200 nunc
526 2154 615 2200 iter
641 2154 697 2200 ad
727 2171 885 2215 regem
915 2153 1048 2200 nobis
1075 2171 1323 2217 murosque
1350 2153 1557 2200 Latinos.

371 2237 494 2267 arma
519 2234 675 2283 parate
706 2221 890 2296 animis,
918 2235 964 2268 et
989 2238 1068 2283 spe
1094 2220 1375 2284 praesumite
1403 2220 1599 2276 bellum,

372 2304 430 2333 ne
457 2305 548 2350 qua
575 2305 705 2334 mora
734 2288 930 2362 ignaros,
962 2288 1040 2334 ubi
1067 2288 1271 2349 primum
1297 2287 1469 2333 vellere
1496 2286 1624 2346 signa

372 2354 624 2400 adnuerint
653 2355 804 2415 superi
834 2355 1103 2416 pubemque
1130 2354 1328 2400 educere
1355 2352 1528 2408 castris,
1763 2375 1802 2398 20

352 2420 597 2482 inpediat,
629 2421 838 2480 segnisve
866 2434 993 2467 metu
1022 2420 1253 2466 sententia
1279 2419 1443 2465 tardet.
1840 2426 1842 2429 ’

373 2487 550 2534 interea
578 2487 724 2533 socios
754 2487 1093 2548 inhumataque
1120 2503 1311 2548 corpora
1338 2499 1483 2532 terrae

374 2554 667 2609 mandemus,
697 2552 776 2616 qui
804 2553 925 2598 solus
951 2554 1098 2598 honos
1124 2554 1395 2598 Acheronte
1422 2552 1508 2598 sub
1531 2552 1629 2598 imo
1653 2564 1734 2599 est.

374 2619 468 2675 ite‚'
494 2620 571 2677 ait,
598 2625 611 2644 ‘
630 2619 830 2680 egregias
856 2618 1045 2675 animas,
1074 2635 1191 2681 quae
1217 2619 1443 2679 sanguine
1469 2618 1602 2665 nobis

370 2688 496 2739 ‚hanc
526 2685 719 2748 patriam
744 2702 966 2748 peperere
992 2703 1089 2743 suo,
1115 2686 1331 2731 decorate
1358 2684 1583 2747 supremis

757 2774 801 2800 21
836 2762 1040 2814 segnisque.
1099 2774 1146 2812 23
1178 2763 1246 2799 sub
1265 2763 1354 2801 imo.
