1866 3208
257 269 334 310 254
705 259 748 296 P.
777 257 1011 296 VERGILI
1041 258 1299 296 MARoN1s

320 369 526 416 alituum
549 367 889 431 pecudumque
914 383 1060 428 genus
1086 385 1225 430 sopor
1250 368 1371 414 altus
1397 367 1600 413 habebat
1624 384 1634 414 :

321 453 431 483 cum
456 448 591 497 pater
617 434 666 479 in
693 433 794 495 ripa
819 433 1060 497 gelidique
1086 435 1171 480 sub
1197 433 1400 481 aetheris
1424 450 1509 480 axe

320 503 521 558 Aeneas,
550 499 670 546 tristi
699 500 913 546 turbatus
938 514 1131 562 pectora
1155 501 1299 558 bello,

320 566 575 642 procubuit
600 582 847 628 seramque
873 567 1007 613 dedit
1032 585 1115 630 per
1139 568 1351 614 membra
1375 566 1602 629 quietern.
1709 590 1749 620 30

320 633 434 680 huic
460 632 611 678 deus
600 649 698 695 lpse
726 632 818 679 loci
847 632 992 679 fluvio
1019 634 1277 680 Tiberinus
1303 649 1504 679 amoeno

319 700 549 762 populeas
575 698 702 745 inter
729 699 886 745 senior
911 716 958 746 se
979 701 1196 746 attollere
1223 700 1413 746 frondes

320 767 478 812 visus·
467 802 480 822 ,
518 782 628 812 eum
656 765 812 812 tenuis
840 766 1008 827 glauco
1032 767 1219 813 velabat
1245 766 1420 812 amictu

321 833 554 889 carbasus,
583 845 630 878 et
656 831 810 878 crines
839 833 1056 879 umbrosa
1083 834 1269 894 tegebat
1293 832 1509 878 harundo
1532 854 1545 888 ;

322 913 425 946 tum
451 899 516 944 sic
544 898 710 956 adfari,
740 912 785 945 et
812 915 946 945 curas
972 899 1044 945 his
1069 899 1260 945 demere
1285 899 1424 945 dictis
1448 917 1458 945 t

392 970 448 1011 ‘o
473 978 569 1011 sate
595 979 738 1025 gente
765 965 924 1021 deum,
953 966 1216 1012 Troianam
1243 983 1299 1012 ex
1325 965 1537 1012 hostibus
1565 964 1732 1010 urbem

323 1032 403 1095 qui
431 1032 613 1078 revehis
641 1031 777 1077 nobis
803 1045 1090 1095 aeternaque
1119 1033 1342 1093 Pergama
1368 1048 1534 1089 servas,

325 1112 595 1161 exspectate
622 1098 719 1144 solo
748 1098 976 1144 Laurenti
1003 1099 1217 1162 arvisque
1243 1099 1441 1154 Latinis,

324 1166 400 1212 hic
429 1164 514 1212 tibi
541 1178 670 1211 certa
696 1164 880 1222 domus,
909 1165 1157 1212 certi—ne
1183 1165 1628 1212 absiste—Penates
1650 1184 1664 1220 ;

325 1249 418 1278 neu
445 1231 558 1278 belli
587 1245 760 1278 terrere
786 1231 927 1277 minis
951 1251 964 1287 3
1001 1245 1157 1278 tumor
1182 1232 1335 1278 omnis
1361 1246 1408 1278 et
1433 1231 1525 1277 irae
1713 1255 1755 1283 40

324 1315 600 1345 concessere
626 1297 786 1345 deum.

326 1365 515 1428 iamque
543 1364 645 1420 tibi,
675 1381 734 1410 ne
762 1382 881 1411 vana
907 1378 1044 1427 putes
1069 1367 1186 1411 haec
1214 1365 1387 1425 fingere
1413 1380 1650 1420 somnum,

325 1431 502 1478 litoreis
520 1431 687 1492 ingens
713 1431 911 1478 inventa
938 1432 1023 1478 sub
1049 1431 1236 1478 ilicibus
1262 1449 1351 1490 sus,

327 1498 519 1559 triginta
545 1498 757 1561 capitum
786 1499 912 1544 fetus
939 1498 1097 1554 enixa,
1123 1498 1313 1555 iacebit,
1847 1539 1857 1556 ὲ

327 1566 447 1622 alba,
476 1566 574 1610 solo
601 1565 847 1622 recubans,
877 1565 970 1611 albi
999 1565 1179 1611 circum
1206 1566 1346 1611 ubera
1373 1565 1488 1611 nati.
1845 1573 1866 1618 ,τὶ

328 1632 425 1694 [hic
454 1633 585 1678 locus
612 1632 736 1678 urbis
766 1631 868 1690 erit,
899 1631 1082 1694 requies
1109 1649 1160 1678 ea
1188 1645 1316 1678 certa
1341 1631 1594 1693 laborum,]
1849 1628 1858 1635 ”

329 1716 385 1744 ex
411 1716 505 1761 quo
532 1711 603 1744 ter
627 1698 762 1744 denis
792 1699 958 1744 urbem
985 1698 1293 1744 redeuntibus
1319 1698 1454 1744 annis

328 1765 560 1811 Ascanius
587 1765 699 1811 clari
729 1765 906 1810 condet
933 1764 1228 1825 cognominis
1254 1765 1441 1811 Albam.

330 1831 456 1878 haud
480 1831 661 1877 incerta
689 1847 824 1877 cano.
899 1848 1028 1877 nunc
1056 1849 1146 1893 qua
1171 1831 1353 1877 ratione
1379 1831 1506 1893 quod
1531 1831 1672 1877 instat

329 1898 552 1960 expedias
577 1897 744 1955 victor,
772 1898 948 1960 pauciS,
977 1897 1185 1954 adverte,
1212 1897 1408 1944 docebo.
1719 1921 1760 1950 50

328 1964 534 2011 Arcades
559 1963 629 2010 his
655 1964 762 2021 oris,
789 1981 936 2024 genus
964 1981 987 2009 a
1017 1964 1231 2010 Pallante
1239 1964 1544 2038 profectum,

330 2031 411 2094 qui
438 2047 597 2091 regem
624 2031 900 2077 Euandrum
927 2030 1140 2088 comite3‚
1169 2030 1249 2092 qui
1277 2030 1407 2090 signa
1432 2030 1596 2087 secuti,

331 2098 548 2158 delegere
575 2098 735 2143 locum
763 2110 809 2143 et
835 2114 1034 2159 posuere
1062 2097 1111 2143 in
1138 2097 1378 2143 montibus
1405 2097 1570 2143 urbem

334 2164 562 2210 Pallantis
588 2163 746 2226 proavi
774 2164 832 2210 de
860 2163 1055 2210 nomine
1085 2164 1384 2210 Pallanteum
1409 2183 1418 2210 :

331 2231 380 2276 hi
408 2231 589 2277 bellum
614 2231 809 2277 adsidue
835 2231 1021 2277 ducunt
1047 2247 1157 2277 cum
1182 2244 1322 2290 gente
1348 2231 1518 2276 Latina
1541 2251 1554 2286 ;

333 2299 416 2343 hos
443 2297 604 2343 castris
630 2298 803 2344 adhibe
830 2297 995 2355 socios,
1024 2310 1072 2344 et
1099 2297 1290 2343 foedera
1316 2297 1473 2357 iunge.

334 2364 433 2426 ipse
460 2380 543 2424 ego
571 2377 617 2410 te
643 2363 753 2426 ripis
780 2377 827 2410 et
853 2378 982 2410 recto
1010 2363 1210 2410 flumine
1236 2364 1422 2421 ducam,

336 2430 580 2476 adversum
606 2430 745 2476 remis
773 2448 961 2492 superes
989 2431 1242 2476 subvectus
1269 2444 1320 2476 ut
1346 2447 1549 2476 amnem.

336 2513 469 2557 surge
496 2513 593 2557 age,
622 2509 731 2542 nate
758 2497 862 2553 dea,
887 2496 1146 2559 primisque
1174 2496 1453 2543 cadentibus
1479 2497 1609 2542 astris

335 2563 511 2609 Iunoni
539 2563 610 2609 fer
635 2563 722 2608 rite
748 2580 924 2625 preces,
953 2563 1166 2626 iramque
1192 2563 1437 2625 minasque
1721 2578 1762 2608 60

335 2629 629 2692 supplicibus
650 2646 814 2691 supera
839 2629 972 2676 votis.
1045 2629 1162 2676 mihi
1189 2629 1340 2675 victor
1364 2632 1596 2676 honorem

336 2696 588 2758 persolves.
661 2713 746 2757 ego
771 2713 891 2753 sum,
917 2697 1063 2759 pleno
1090 2713 1232 2759 quem
1258 2695 1454 2744 flumine
1480 2696 1634 2744 cernis

705 2789 753 2827 50
782 2778 986 2827 expediam.
1100 2778 1146 2827 56
1177 2779 1334 2816 foedere.
