1861 3256
567 248 847 285 AENEIDOS
878 247 983 286 LIB.
1011 248 1077 286 IV
1508 245 1580 294 169

139 372 216 403 me
242 356 386 418 patris
410 355 665 411 Anchisae,
689 355 908 417 quotiens
935 355 1210 402 umentibus
1232 354 1408 401 umbris

139 440 234 469 nox
261 422 411 485 operit
436 435 594 479 terras,
622 421 841 484 quotiens
869 436 989 468 astra
1015 422 1153 484 ignea
1179 436 1390 484 surgunt,

139 491 365 537 admonet
389 490 438 536 in
465 488 640 535 somnis
669 501 715 534 et
742 488 930 534 turbida
958 502 1104 536 terret
1129 489 1314 565 imag03

138 574 214 603 me
240 574 358 619 puer
381 555 627 613 Ascanius,
655 555 920 618 capitisque
947 556 1120 603 iniuria
1147 557 1258 614 cari,

137 641 282 686 quem
308 640 473 685 regno
459 622 743 698 Hesperiae
771 623 938 668 fraudo
967 637 1013 669 et
1039 623 1260 670 fatalibus
1288 623 1421 670 arvis.

138 707 268 737 nunc
297 691 441 737 etiam
466 690 698 752 interpres
726 689 906 746 divom,
933 690 1047 736 Iove
1074 690 1239 738 missus
1266 691 1361 738 ab
1350 708 1519 752 1pso—

137 770 282 804 testor
308 770 562 820 utrumque
589 757 982 819 caput—celeres
1009 758 1234 804 mandata
1259 775 1344 820 per
1369 775 1500 804 auras

137 824 328 871 detulit.
400 824 499 887 ipse
525 824 669 870 deum
697 823 952 870 manifesto
978 823 1028 870 in
1057 824 1242 871 lumine
1269 825 1365 871 vidi

137 891 399 938 intrantem
425 908 598 947 muros,
624 907 889 953 vocemque
915 890 987 937 his
1015 891 1204 938 auribus
1229 892 1378 939 hausi.

137 958 301 1004 desine
329 975 500 1021 meque
527 957 616 1004 tuis
644 957 907 1004 incendere
935 971 1075 1021 teque
1103 959 1356 1021 querellis3
1519 973 1580 1013 360

138 1025 326 1071 Italiam
352 1042 451 1070 non
478 1038 646 1087 sponte
672 1025 876 1087 sequor.'

203 1091 316 1138 talia
341 1092 587 1138 dicentem
612 1091 894 1138 iamdudum
922 1109 1078 1138 aversa
1105 1106 1278 1150 tuetur,

137 1160 230 1205 huc
256 1158 374 1205 illuc
400 1159 597 1205 volvens
625 1159 806 1216 oculOS‚
833 1172 1084 1222 totumque
1109 1172 1318 1221 pererrat

137 1225 396 1272 luminibus
425 1226 594 1284 tacitis,
626 1239 681 1284 et
697 1225 762 1273 sic
789 1243 986 1273 accensa
1010 1227 1254 1289 profatur:

138 1310 225 1339 nec
253 1293 337 1339 tibi
365 1293 472 1339 diva
497 1310 682 1356 parens,
709 1293 895 1354 generis
923 1310 1011 1340 nec
1038 1293 1290 1340 Dardanus
1317 1306 1495 1350 auctor,

135 1359 348 1422 perfide3
385 1360 467 1406 sed
493 1360 618 1406 duris
644 1360 809 1421 genuit
835 1374 880 1407 te
907 1360 1121 1407 cautibus
1148 1362 1344 1407 horrens

138 1427 394 1484 Caucasus,
423 1427 776 1490 Hyrcanaeque
803 1428 1059 1474 admorunt
1085 1428 1228 1474 ubera
1254 1427 1409 1488 tigres.

137 1510 249 1539 nam
271 1493 386 1555 quid
411 1493 688 1540 dissimulo?
725 1508 804 1540 aut
831 1512 953 1557 quae
979 1512 1056 1540 me
1077 1495 1135 1540 ad
1161 1494 1339 1541 maiora
1360 1497 1577 1541 reservo?

138 1577 254 1606 num
280 1559 394 1606 fletu
420 1559 655 1621 ingemuit
681 1566 872 1607 nostro?
910 1578 1028 1608 num
1054 1561 1237 1607 lumina
1261 1561 1425 1608 flexit?
1517 1576 1578 1617 369

137 1644 254 1674 num
275 1627 489 1673 lacrimas
509 1627 663 1674 victus
683 1628 830 1686 dedit,
850 1641 929 1674 aut
950 1629 1192 1674 miseratus
1215 1641 1457 1674 amantem
1479 1631 1577 1675 est?

136 1711 256 1757 quae
283 1694 453 1756 quibus
481 1695 775 1740 anteferam?
824 1695 918 1741 iam
944 1695 1037 1740 iam
1063 1711 1153 1741 nec
1180 1695 1387 1742 maxima
1413 1696 1551 1752 Iuno,

136 1778 225 1808 nec
254 1761 500 1807 Saturnius
526 1762 645 1807 haec
673 1760 823 1807 oculis
848 1775 981 1824 pater
1007 1762 1173 1824 aspicit
1199 1762 1377 1825 aequis.

135 1844 368 1891 nusquam
395 1841 496 1874 tuta
523 1828 653 1875 fides.
725 1828 934 1875 eiectum
966 1829 1120 1886 litore,
1149 1843 1373 1890 egentem

136 1895 318 1957 excepi,
348 1909 394 1941 et
419 1895 551 1956 regni
578 1895 775 1942 demens
801 1896 851 1942 in
879 1910 1011 1959 parte
1038 1896 1225 1954 locavi3

134 1962 351 2009 amissam
377 1963 592 2019 classem,
619 1962 767 2009 socios
794 1980 818 2009 a
843 1977 995 2010 morte
1022 1964 1206 2011 reduxi.

132 2031 226 2076 heu
254 2029 384 2076 furiis
411 2029 606 2076 incensa
631 2031 783 2078 feror!
853 2048 983 2077 nunc
1011 2048 1157 2092 augur
1181 2032 1373 2093 Apollo,

134 2114 267 2144 nunc
294 2096 471 2158 Lyciae
497 2111 658 2155 sortes,
685 2115 816 2144 nunc
844 2111 892 2145 et
917 2099 1031 2144 Iove
1058 2098 1222 2144 missus
1248 2099 1305 2145 ab
1331 2098 1432 2160 ipso

132 2164 365 2226 interpres
391 2164 553 2211 divom
579 2165 670 2210 fert
695 2164 884 2211 horrida
910 2164 1029 2211 iussa
1053 2182 1138 2227 per
1164 2182 1312 2212 auras.

135 2231 319 2278 scilicet
344 2231 381 2277 is
408 2231 585 2294 superis
611 2232 745 2278 labor
772 2246 854 2290 est,
883 2249 937 2278 ea
964 2249 1076 2279 cura
1103 2232 1288 2295 quietos

136 2298 376 2346 sollicitat.
449 2316 607 2362 neque
634 2312 682 2345 te
708 2313 865 2356 teneo,
895 2316 1052 2362 neque
1079 2299 1208 2346 dicta
1234 2299 1420 2346 refello.
1515 2313 1578 2354 380

136 2363 166 2420 i,
194 2381 388 2428 sequere
415 2366 622 2424 Italiam,
648 2366 804 2413 ventis
830 2380 940 2429 pete
966 2384 1110 2428 regna
1135 2384 1220 2428 per
1246 2367 1409 2413 undas.

137 2447 270 2492 spero
296 2433 518 2495 equidem
545 2433 728 2491 mediis,
757 2434 791 2479 si
818 2433 933 2497 quid
958 2433 1036 2497 pia
1063 2434 1264 2480 numina
1287 2447 1499 2497 possunt,

139 2498 369 2559 supplicia
391 2501 651 2548 hausurum
677 2501 899 2564 scopulis,
925 2514 972 2548 et
997 2501 1192 2548 nomine
1216 2501 1347 2548 Dido

140 2580 278 2625 saepe
302 2580 596 2615 vocaturum.
667 2586 835 2631 sequar
861 2568 968 2614 atris
996 2568 1182 2630 ignibus
1210 2569 1405 2623 absens3

142 2643 188 2676 et
214 2647 323 2677 cum
348 2632 515 2692 frigida
541 2652 663 2681 mors
690 2635 848 2682 anima
874 2636 1116 2682 seduxerit
1141 2649 1281 2692 artuS,

141 2697 361 2744 omnibus
387 2701 553 2746 umbra
578 2702 694 2748 locis
721 2703 877 2749 adero.
949 2703 1095 2759 dabis,
1120 2702 1336 2763 inprobe,
1364 2717 1573 2762 poenas3

142 2763 347 2822 audiam,
376 2778 422 2812 et
447 2767 564 2813 haec
592 2768 767 2814 Manes
790 2768 954 2814 veniet
980 2768 1099 2814 mihi
1126 2769 1253 2814 fama
1279 2768 1361 2813 sub
1388 2767 1539 2814 imos.'
