1861 3256
223 276 298 314 144
673 264 718 300 P.
747 260 981 299 VERGILI
1011 260 1269 297 MARONIS

281 371 386 417 vela
413 370 604 426 cadunt,
631 367 770 413 remis
797 365 1091 427 insurgimus,
1118 365 1244 412 haud
1265 382 1412 432 mora,
1439 377 1610 411 nautae

283 437 444 484 adnixi
472 446 695 497 torquent
721 449 904 494 spumas
933 446 978 478 et
1003 433 1189 479 caerula
1213 444 1422 478 verrunt.

350 515 585 549 servatum
605 517 660 546 ex
682 498 819 545 undis
842 499 1162 561 Strophadum
1182 515 1257 545 me
1275 498 1412 544 litora
1427 496 1632 559 primum

284 569 544 630 excipiunt.
619 565 904 627 Strophades
933 565 1080 611 Graio
1106 578 1228 611 stant
1253 563 1445 610 nomine
1471 563 1639 621 dictae,
1657 587 1720 610 210

283 636 461 681 insulae
490 632 627 678 Ionio
653 632 702 677 in
731 648 914 692 magno,
942 648 1053 693 quas
1078 631 1178 677 dira
1205 631 1415 678 Celaeno

286 699 623 762 Harpyiaeque
649 699 816 745 colunt
843 698 975 755 aliae,
1004 697 1200 743 Phineia
1225 709 1472 770 postquam

285 768 438 814 clausa
464 766 628 811 domus
655 781 931 827 mensasque
957 777 1087 811 metu
1113 764 1293 826 liquere
1318 763 1512 825 priores.

286 833 462 880 tristius
488 832 615 877 haud
640 831 734 877 illis
764 844 1046 889 monstrum,
1075 847 1164 877 nec
1191 829 1370 875 saevior
1395 829 1493 874 ulla

284 899 428 962 pestis
456 912 502 944 et
528 898 593 944 ira
619 898 764 944 deum
796 897 966 959 Stygiis
994 914 1091 943 sese
1120 896 1293 943 extulit
1320 895 1475 941 undis.

284 964 484 1026 virginei
511 965 761 1010 volucrum
789 964 963 1021 vultus,
991 963 1262 1009 foedissima
1287 961 1466 1008 ventris

284 1031 539 1094 proluvies,
568 1047 818 1092 uncaeque
845 1046 1011 1076 manus
1039 1042 1085 1075 et
1108 1029 1288 1092 pallida
1314 1044 1500 1090 semper

287 1116 366 1145 ora
393 1098 534 1144 fame.

286 1167 380 1211 huc
408 1164 487 1210 ubi
514 1163 661 1209 delati
688 1175 852 1225 portus
880 1160 1174 1219 intravimus,
1203 1178 1313 1208 ecce

287 1232 411 1277 laeta
437 1231 579 1276 boum
606 1229 779 1291 passim
809 1228 987 1290 campis
1015 1240 1227 1274 armenta
1252 1227 1467 1273 videmus
1664 1249 1725 1270 220

288 1297 692 1372 caprigenumque
720 1311 867 1357 pecus
896 1294 1031 1340 nullo
1057 1293 1253 1340 custode
1279 1310 1363 1355 per
1387 1292 1570 1338 herbas.

287 1363 518 1409 inruimus
545 1363 685 1419 ferro,
717 1375 763 1407 et
793 1360 964 1406 divos
953 1376 1204 1422 ipsumque
1230 1376 1450 1405 vocamus

289 1431 338 1476 in
364 1443 548 1492 partem
574 1428 902 1491 praedamque
930 1427 1130 1472 Iovem:
1169 1439 1271 1471 tum
1297 1424 1436 1471 litore
1463 1441 1606 1471 curvo

291 1496 669 1558 exstruimusque
697 1508 823 1540 toros
852 1493 1145 1555 dapibusque
1174 1492 1421 1554 epulamur
1446 1490 1631 1554 opimis.

290 1576 336 1609 at
363 1563 543 1609 subitae
570 1561 795 1608 horrifico
826 1561 959 1622 lapsu
987 1559 1046 1605 de
1073 1558 1314 1604 montibus
1340 1558 1512 1604 adsunt

292 1629 535 1691 Harpyiae
563 1641 609 1674 et
637 1627 816 1688 magnis
847 1625 1071 1689 quatiunt
1097 1624 1394 1685 clangoribus
1421 1624 1529 1680 alas,

291 1696 620 1757 diripiuntque
647 1695 790 1756 dapes
822 1705 1143 1754 contactuque
1170 1691 1329 1737 omnia
1356 1661 1553 1736 foedarit

291 1762 560 1808 inmundo·
548 1781 562 1817 ;
599 1774 700 1806 tum
726 1777 817 1806 vox
848 1772 1052 1804 taetrum
1078 1757 1178 1803 dira
1204 1757 1329 1803 inter
1353 1756 1564 1802 odorem.

292 1845 473 1875 rursum
500 1827 550 1872 in
577 1843 759 1872 secessu
788 1826 931 1885 longo
959 1825 1043 1870 sub
1069 1840 1185 1885 rupe
1212 1836 1374 1869 cavata

292 1894 531 1941 arboribus
559 1894 715 1940 clausa
742 1891 924 1938 circum
952 1904 1092 1953 atque
1117 1889 1420 1935 horrentibus
1447 1888 1623 1935 umbris
1665 1912 1727 1942 230

292 1960 568 2008 instruimus
595 1976 779 2005 mensas
807 1957 990 2020 arisque
1017 1956 1290 2031 reponimus
1317 1955 1476 2016 ignem
1501 1973 1512 2001 ;

293 2044 476 2074 rursum
504 2043 559 2072 ex
586 2025 771 2071 diverso
799 2024 919 2070 caeli
949 2023 1196 2085 caecisque
1222 2022 1414 2068 latebris

295 2095 431 2141 turba
457 2109 627 2139 sonans
651 2091 877 2154 praedam
903 2090 1105 2164 pedibus
1132 2088 1443 2135 clrcumvolat
1470 2087 1618 2144 uncis,

293 2160 469 2223 polluit
495 2176 575 2205 ore
602 2158 760 2220 dapes.
834 2157 970 2203 sociis
999 2169 1113 2202 tunc
1140 2172 1267 2202 arma
1293 2167 1538 2217 capessant

297 2227 448 2283 edico,
478 2239 524 2272 et
549 2226 649 2272 dira
677 2225 861 2271 bellum
888 2239 997 2269 cum
1023 2236 1166 2284 gente
1191 2221 1469 2283 gerendum.

295 2293 423 2340 haud
449 2309 579 2339 secus
605 2309 656 2338 ac
684 2291 793 2337 iussi
823 2290 1022 2347 faciunt,
1052 2302 1296 2351 tectosque
1320 2304 1405 2349 per
1429 2286 1626 2332 herbam

297 2359 559 2421 disponunt
587 2375 718 2403 enses
748 2370 794 2403 et
820 2370 950 2402 scuta
978 2355 1176 2401 latentia
1203 2354 1435 2400 condunt.

300 2442 407 2486 ergo
434 2425 513 2470 ubi
541 2425 762 2485 delapsae
790 2422 998 2469 sonitum
1025 2438 1108 2483 per
1133 2437 1273 2466 curva
1300 2419 1475 2465 dedere

298 2493 453 2549 litora,
481 2491 561 2537 dat
588 2490 774 2550 signum
801 2488 1007 2561 specula·
1021 2487 1239 2532 Misenus
1266 2485 1323 2532 ab
1349 2485 1443 2531 alta

299 2576 405 2605 aere
432 2575 563 2604 cavo.
635 2555 871 2601 invadunt
897 2553 1010 2599 socii
1039 2566 1085 2599 et
1111 2569 1231 2598 nova
1256 2551 1436 2614 proelia
1464 2562 1717 2613 temptant,

300 2626 525 2672 obscenas
552 2621 706 2686 pelagi
734 2621 858 2667 ferro
883 2619 1074 2666 foedare
1099 2619 1331 2665 volucres.
1667 2640 1725 2669 241

301 2692 384 2739 sed
409 2707 567 2753 neque
592 2689 689 2735 vim
714 2686 888 2750 plumis
914 2687 1061 2732 ullam
1089 2702 1177 2731 nec
1203 2685 1400 2731 vulnera
1428 2697 1556 2744 tergo

515 2777 591 2816 209
621 2764 753 2815 prima.
812 2775 887 2800 210
918 2762 1117 2812 accipiunt.
1176 2773 1252 2811 230
1282 2763 1460 2799 clausam.
