1866 3208
533 232 811 270 AENEIDos
842 233 946 272 ΠΒ,
977 232 1060 270 v11
1470 247 1545 285 233

118 358 295 388 nornen
322 341 371 387 in
398 352 515 387 astra
542 340 712 396 ferant,
738 357 1037 403 quorumque
1063 340 1119 386 ab
1145 339 1289 402 stirpe
1315 355 1512 403 nepotes

119 409 279 455 omnia
304 409 388 454 sub
412 407 630 470 pedibus,
657 423 748 468 qua
777 408 854 453 Sol
882 421 1139 470 utrumque
1164 424 1409 454 recurrens
1489 434 1550 455 100

118 475 284 538 aspicit
312 476 580 530 Oceanum,
603 473 823 535 vertique
850 475 1043 537 regique
1069 474 1332 522 videbunt?

115 544 234 589 haec
260 558 480 604 responsa
503 539 647 603 patris
673 541 823 586 Fauni
852 542 1156 604 monitusque
1183 542 1343 589 silenti

116 623 260 655 nocte
287 609 417 655 datos
445 625 541 654 non
568 607 668 669 ipse
694 624 776 653 suo
802 608 979 670 premit
1006 626 1085 654 ore
1112 609 1327 667 Latinus,

116 676 198 722 sed
223 675 403 722 circum
430 675 524 721 late
549 673 752 720 volitans
777 674 872 720 iam
899 676 1042 721 Fama
1068 693 1152 738 per
1179 677 1314 722 urbes

113 742 346 789 Ausonias
372 742 558 800 tulerat,
586 758 695 788 cum
721 742 1070 788 Laomedontia
1095 743 1242 804 pubes

114 809 356 870 gramineo
382 809 508 871 ripae
533 808 751 869 religavit
777 809 835 854 ab
862 825 1028 869 aggere
1056 811 1267 858 classem.

181 878 368 923 Aeneas
392 876 630 950 primique
657 875 801 922 duces
830 889 876 922 et
901 877 1105 938 pulcher
1130 878 1262 924 Iulus

114 960 308 1005 corpora
335 943 418 989 sub
444 943 582 989 ramis
610 943 862 1005 deponunt
888 943 1060 989 arboris
1087 944 1226 1001 altae,

113 1010 468 1073 instituuntque
494 1010 653 1072 dapes,
682 1023 729 1056 et
755 1010 926 1056 adorea
952 1010 1047 1056 liba
1072 1028 1155 1073 per
1180 1012 1375 1058 herbam

113 1076 357 1124 subiciunt
384 1077 670 1139 epulis—sic
698 1077 918 1139 Iuppiter
943 1077 1027 1123 ille
1053 1080 1352 1124 monebat—
1489 1104 1550 1124 110

115 1156 162 1191 et
188 1144 390 1191 Cereale
417 1144 571 1191 solum
595 1144 747 1207 pomis
776 1144 1031 1205 agrestibus
1058 1158 1249 1206 augent,

112 1211 407 1274 consumptis
433 1211 511 1258 hic
539 1212 662 1258 forte
690 1211 809 1269 aliis,
838 1225 890 1257 ut
915 1225 1098 1258 vertere
1125 1228 1305 1259 morsus

114 1277 333 1339 exiguam
358 1278 409 1324 in
438 1279 665 1325 Cererem
691 1278 890 1341 penuria
917 1279 1075 1339 adegit
1103 1279 1293 1338 edendi,

114 1358 161 1391 et
185 1346 361 1391 violare
387 1362 530 1392 manu
558 1346 789 1408 malisque
816 1346 1074 1392 audacibus
1101 1347 1265 1393 orbem

113 1412 266 1458 fatalis
294 1412 453 1470 crusti,
480 1413 654 1475 patulis
683 1430 771 1459 nec
798 1430 989 1475 parcere
1016 1413 1220 1476 quadris,

81 1483 93 1504 ‘
110 1480 244 1536 heus,
273 1479 416 1526 etiam
442 1496 624 1526 mensas
651 1479 974 1526 consumimus
998 1479 1036 1527 l'
1061 1479 1219 1543 inquit
1244 1481 1376 1527 Iulus
1400 1501 1413 1538 ;

111 1563 200 1592 nec
226 1546 364 1608 plura
390 1547 638 1593 adludens.
710 1564 763 1593 ea
788 1564 881 1592 vox
906 1546 1064 1594 audita
1091 1548 1306 1594 laborum

109 1612 263 1675 prima
290 1613 403 1659 tulit
429 1613 588 1670 finem,
615 1613 913 1676 primamque
941 1614 1179 1676 loquentis
1208 1615 1262 1660 ab
1289 1631 1367 1661 ore

111 1679 287 1742 eripuit
310 1693 445 1742 pater
469 1698 520 1726 ac
549 1681 838 1742 stupefactus
866 1680 1067 1727 numine
1092 1681 1276 1743 pressit.

110 1746 356 1804 continuo,
385 1751 398 1771 ‘
416 1747 541 1793 salve
569 1747 676 1793 fatis
708 1746 828 1793 mihi
857 1747 1019 1794 debita
1045 1749 1203 1806 tellus,
1489 1775 1549 1796 120

106 1811 315 1877 vosque,'
339 1813 419 1872 ait,
447 1818 504 1859 ‘o
530 1814 611 1860 fidi
640 1814 817 1861 Troiae
846 1815 1024 1861 salvete
1053 1815 1270 1863 Penates.

107 1880 185 1927 hic
246 1881 429 1939 domuS,
478 1882 596 1928 haec
649 1881 802 1944 patria
865 1894 947 1929 est.
1019 1882 1207 1943 genitor
1255 1882 1374 1929 mihi
1437 1883 1548 1930 talia

243 1965 519 2010 namque—

109 2030 238 2061 nunc
265 2015 733 2077 repeto—Anchises
760 2016 969 2063 fatorum
997 2033 1167 2064 arcana
1192 2017 1389 2080 reliquit
1413 2037 1423 2065 :

62 2085 92 2107 “
108 2098 218 2128 cum
244 2094 305 2138 te,
334 2095 456 2139 nate,
485 2083 630 2129 fames
656 2083 816 2144 ignota
842 2083 899 2129 ad
924 2083 1059 2130 litora
1084 2097 1277 2130 vectum

108 2148 269 2195 accisis
297 2163 434 2210 coget
461 2150 660 2212 dapibus
687 2166 965 2196 consumere
993 2167 1189 2209 mensas,

108 2227 210 2262 tum
237 2233 417 2278 sperare
444 2217 607 2263 domos
634 2217 838 2263 defessus
866 2216 1026 2280 ibique
1054 2230 1298 2264 memento

108 2282 258 2343 prima
283 2284 439 2330 locare
465 2300 609 2330 manu
637 2284 892 2347 molirique
920 2301 1086 2345 aggere
1114 2284 1280 2332 tectass'

109 2350 226 2395 haec
255 2363 351 2397 erat
377 2351 459 2397 illa
486 2351 669 2409 fames;
705 2353 823 2398 haec
852 2369 936 2397 nos
964 2369 1182 2415 suprema
1209 2353 1449 2410 manebat,

112 2414 266 2462 exitiis
291 2418 497 2479 positura
524 2389 736 2466 mod1im.

112 2498 252 2543 quare
278 2484 415 2544 agite,
445 2498 490 2531 et
515 2486 670 2548 primo
698 2486 810 2533 laeti
838 2503 948 2533 cum
975 2486 1160 2533 lumine
1186 2487 1312 2544 solis,
1484 2511 1545 2541 130

112 2564 231 2609 quae
256 2549 374 2607 loca,
396 2551 536 2613 quive
562 2553 770 2599 habeant
796 2553 1031 2611 homines,
1055 2553 1135 2600 ubi
1162 2553 1354 2600 moenia
1373 2553 1540 2614 gentis,

111 2614 405 2675 vestigemUS,
434 2631 480 2664 et
505 2637 529 2665 a
555 2633 692 2681 portu
719 2620 904 2666 diversa
930 2634 1162 2682 petamus.

111 2696 240 2727 nunc
267 2694 447 2742 pateras
473 2684 618 2732 libate
645 2687 764 2743 Iovi,
791 2687 1109 2750 precibusque
1135 2701 1300 2733 vocate

532 2774 604 2799 110
634 2763 720 2811 ipse.
837 2764 907 2801 128
939 2765 1159 2803 manebant.
