1866 3208
609 205 884 245 AENEIDOS
916 205 1020 244 LIB.
1052 205 1137 242 XII
1549 218 1620 256 371

191 317 392 365 dissiluit
412 338 427 373 3
463 315 593 362 fulva
617 314 924 377 resplendent
950 313 1178 373 fragmina
1201 314 1394 360 harena.

191 402 298 447 ergo
325 400 486 431 amens
512 382 694 428 diversa
721 381 830 442 fuga
852 380 975 443 petit
999 398 1201 443 aequora
1229 380 1444 437 Turnus,

191 467 238 500 et
262 467 391 498 nunc
418 451 530 506 huc,
557 449 668 495 inde
693 449 786 495 huc
813 448 1019 494 incertos
1045 447 1248 509 inplicat
1273 448 1408 494 orbes
1429 467 1443 502 ;

191 518 402 580 undique
431 517 560 563 enim
587 515 769 562 Teucri
795 515 940 561 densa
963 514 1200 561 inclusere
1226 531 1415 572 corona,

191 599 331 649 atque
347 584 463 630 hinc
487 597 617 630 vasta
642 583 790 645 palus,
812 582 927 629 hinc
955 583 1098 628 ardua
1121 582 1310 628 moenia
1331 582 1548 642 cingunt.

260 669 349 698 nec
376 652 535 697 minus
561 652 764 706 Aeneas,
790 666 1076 712 quamquam
1103 650 1281 695 tardata
1307 649 1475 710 sagitta

188 719 431 765 interdum
458 735 613 779 genua
639 717 894 779 inpediunt
922 734 1208 779 cursumque
1235 729 1471 772 recusant,

187 786 468 849 insequitur,
498 785 766 847 trepidique
791 785 965 847 pedem
990 784 1110 846 pede
1137 784 1342 830 fervidus
1370 796 1570 843 urguet:

187 853 429 899 inclusum
455 871 485 898 v
472 852 605 899 eluti
633 852 669 898 si
695 852 888 914 quando
913 850 1115 897 flumine
1140 864 1307 897 nactus

188 937 382 967 cervum
408 934 488 966 aut
514 919 746 981 puniceae
773 933 989 981 saeptum
1014 918 1282 964 formidine
1293 918 1484 980 pinnae,
1565 941 1627 971 750

186 1002 386 1033 venator
411 1003 550 1034 cursu
579 986 706 1033 canis
736 1000 782 1032 et
809 986 1051 1031 latratibus
1078 985 1222 1032 instat
1244 1006 1258 1042 ;

188 1055 271 1100 ille
297 1068 470 1110 autem,
499 1053 680 1100 insidiis
709 1067 755 1100 et
780 1053 880 1128 ripa
907 1052 1094 1099 territus
1122 1053 1226 1109 alta,

187 1121 321 1168 mille
348 1121 471 1181 fugit
501 1121 773 1183 refugitque
799 1120 928 1167 ν135.
968 1133 1015 1166 31
1039 1119 1224 1166 vividus
1253 1120 1441 1166 Umber

186 1190 348 1235 haeret
371 1188 522 1245 1113115,
551 1188 644 1235 13111
671 1187 858 1250 iamque
886 1200 1036 1244 tenet,
1062 1187 1322 1250 similisque
1350 1185 1536 1233 tenenti

186 1255 426 1317 increpuit
452 1255 606 1312 malis,
631 1272 886 1317 morsuque
913 1254 1105 1301 01115115
1094 1272 1222 1299 1113111
1250 1268 1333 1301 est.

187 1336 289 1370 tum
315 1340 428 1369 vero
459 1322 667 1369 exoritur
693 1322 887 1379 clamor,
912 1322 1139 1384 ripaeque
1165 1322 1389 1384 lacusque

187 1403 468 1452 responsant
494 1389 633 1445 circa,
663 1403 709 1435 et
736 1390 926 1436 caelum
953 1402 1087 1435 tonat
1114 1406 1257 1435 omne
1285 1388 1512 1435 111111111111.

187 1457 271 1503 ille
296 1457 434 1504 simul
462 1457 649 1518 fugiens
677 1457 880 1502 Rutulos
908 1456 1047 1502 simul
1075 1455 1291 1518 increpat
1316 1472 1496 1512 omnes,

187 1524 385 1571 nomine
411 1541 652 1587 quemque
680 1541 867 1580 vocans,
894 1536 1161 1585 notumque
1189 1523 1409 1584 efflagitat
1435 1539 1611 1569 ensem.

186 1593 372 1638 Aeneas
398 1605 602 1637 mortem
630 1605 795 1637 contra
821 1607 1137 1653 praesensque
1163 1590 1373 1636 minatur
1566 1604 1627 1643 760

189 1659 408 1715 exitium,
434 1659 470 1704 si
497 1658 746 1733 quisquam
773 1658 926 1714 adeat,
952 1670 1193 1720 terretque
1221 1670 1493 1714 trementes,

188 1725 457 1772 excisurum
485 1725 652 1771 urbem
678 1724 918 1781 minitans,
948 1738 994 1771 et
1021 1724 1204 1771 saucius
1230 1724 1389 1771 instat.

187 1792 402 1855 quinque
427 1792 562 1839 orbes
589 1793 786 1855 explent
813 1809 951 1838 cursu
979 1791 1277 1854 totidemque
1302 1805 1529 1838 retexunt

185 1861 279 1906 huc
307 1860 424 1906 111110
448 1880 462 1916 3
499 1876 656 1922 neque
684 1859 814 1906 enim
839 1858 961 1906 levia
986 1872 1065 1905 aut
1092 1859 1274 1905 ludicra
1299 1872 1531 1921 petuntur

186 1927 409 1990 praemia,
437 1927 520 1973 sed
546 1926 705 1973 Turni
732 1927 789 1973 de
814 1926 912 1973 vita
938 1939 985 1972 et
1011 1926 1239 1987 sanguine
1267 1939 1464 1972 certant.

188 1995 310 2040 forte
336 2011 464 2040 sacer
490 1995 654 2040 Fauno
680 1994 806 2040 foliis
833 1995 1036 2040 oleaster
1062 1993 1227 2040 amaris

187 2061 266 2108 hic
293 2073 504 2116 steterat,
532 2061 689 2107 nautis
716 2061 833 2107 olim
859 2061 1132 2107 venerabile
1158 2061 1359 2121 lignum,

189 2128 359 2175 servati
386 2146 444 2175 ex
471 2128 611 2175 undis
638 2128 719 2174 ubi
747 2128 889 2189 figere
915 2129 1039 2175 dona
1066 2129 1282 2175 solebant

188 2195 419 2242 Laurenti
446 2195 557 2242 divo
584 2208 631 2242 et
655 2210 784 2242 votas
811 2196 1097 2258 suspendere
1123 2208 1275 2242 vestes
1299 2215 1313 2249 3

188 2263 270 2309 sed
294 2263 490 2325 stirpem
516 2262 699 2309 Teucri
726 2263 861 2309 nullo
887 2262 1164 2309 discrimine
1190 2279 1374 2309 sacrum
1569 2286 1630 2315 770

190 2330 492 2387 sustulerant,
519 2348 638 2392 puro
664 2343 717 2376 ut
741 2342 935 2392 possent
961 2346 1242 2376 concurrere
1269 2346 1456 2391 campo,

190 2396 270 2442 hic
295 2398 427 2444 hasta
452 2398 648 2444 Aeneae
675 2397 824 2444 stabat
846 2418 860 2454 ;
896 2398 990 2444 huc
1018 2397 1222 2459 impetus
1248 2397 1380 2442 illam

191 2462 444 2521 detulerat,
470 2464 614 2511 fixam
643 2477 690 2511 et
715 2464 847 2510 lenta
872 2464 1030 2510 radice
1058 2464 1270 2511 tenebat.

192 2529 415 2576 incubuit
438 2532 689 2594 voluitque
716 2548 862 2578 manu
888 2532 1158 2578 convellere
1180 2532 1358 2578 ferrum

192 2596 504 2654 Dardanides,
530 2600 724 2661 teloque
751 2599 900 2661 sequi,
927 2615 1071 2661 quem
1095 2599 1329 2661 prendere
1356 2615 1493 2644 cursu

193 2680 289 2709 non
314 2676 516 2725 poterat.
589 2678 692 2713 tum
718 2683 827 2712 vero
853 2683 1015 2712 amens
1042 2665 1294 2712 formidine
1322 2665 1532 2722 Turnus,

146 2755 219 2791 741
254 2743 465 2792 resplendet
484 2743 668 2790 fragmen.
781 2745 857 2794 746
890 2746 1076 2782 tardante.
1191 2755 1266 2792 773
1299 2743 1417 2780 fixam
1438 2745 1540 2780 lenta
1560 2741 1616 2780 ab.
