1866 3208
600 199 874 238 AENEIDOS
905 199 1009 237 LIB.
1041 199 1125 235 XII
1535 201 1605 250 361

186 310 330 356 imam
355 310 478 356 inter
500 307 678 367 galeam
704 305 874 351 summi
903 305 1102 352 thoracis
1129 318 1175 352 et
1200 323 1298 352 oras

186 376 379 423 abstulit
403 390 513 421 ense
538 385 680 435 caput
704 385 1027 435 truncumque
1053 372 1248 435 reliquit
1271 374 1486 420 harenae.

252 455 391 504 atque
417 457 468 486 ea
493 440 607 485 dum
633 439 808 502 campis
833 439 985 485 victor
1009 439 1088 485 dat
1113 439 1279 485 funera
1306 440 1519 496 Turnus,

185 510 365 556 interea
389 508 584 553 Aenean
613 507 898 552 Mnestheus
925 519 972 552 et
997 506 1114 552 fidus
1140 507 1343 553 Achates

183 574 506 636 Ascaniusque
533 590 687 620 comes
715 574 873 620 castris
899 586 1101 620 statuere
1127 586 1395 631 cruentum,

183 643 382 688 alternos
409 641 548 701 longa
573 640 808 687 nitentem
835 640 1029 702 cuspide
1054 656 1247 701 gressus.

183 708 340 766 saevit,
368 720 415 754 et
442 708 642 754 infracta
668 707 878 754 luctatur
902 707 1169 773 harundine
1193 707 1345 754 telum

183 775 382 837 eripere,
409 775 681 838 auxilioque
707 775 849 832 viam,
875 792 994 837 quae
1019 774 1249 837 proxima,
1274 774 1426 837 poscit
1450 793 1460 821 :

184 859 293 889 ense
320 854 482 889 secent
507 843 601 888 lato
626 842 814 899 vulnus,
843 842 1022 904 telique
1052 842 1278 888 latebram

182 909 452 955 rescindant
476 909 684 971 penitus,
712 925 904 972 seseque
930 908 979 954 in
1006 908 1129 955 bella
1155 908 1415 955 remittant.
1555 932 1616 963 390

182 976 371 1039 iamque
396 976 555 1022 aderat
584 975 776 1021 Phoebo
802 988 911 1021 ante
938 975 1051 1022 alios
1076 975 1278 1021 dilectus
1304 975 1428 1038 Iapis

182 1043 373 1100 Iasides,
397 1043 490 1089 acri
517 1043 759 1106 quondam
787 1042 864 1089 cui
891 1055 1054 1104 captus
1081 1058 1234 1089 amore

182 1110 281 1173 ipse
307 1127 406 1156 suas
433 1122 566 1168 artes,
595 1127 674 1156 sua
701 1126 915 1166 munera,
940 1110 1089 1157 laetus
1114 1110 1292 1172 Apollo

181 1177 429 1238 augurium
456 1177 781 1240 citharamque
806 1177 945 1224 dabat
975 1177 1246 1239 celeresque
1272 1176 1470 1237 sagittas.

181 1243 279 1302 ille,
307 1256 360 1289 ut
385 1244 582 1306 depositi
610 1244 840 1306 proferret
866 1244 959 1290 fata
985 1244 1206 1306 parentis,

182 1311 297 1357 scire
322 1323 575 1373 potestates
600 1311 854 1357 herbarum
881 1327 1113 1374 usumque
1139 1310 1363 1358 medendi

181 1378 351 1425 maluit
375 1391 422 1425 et
446 1391 597 1424 mutas
626 1378 798 1439 agitare
829 1378 1056 1438 inglorius
1081 1390 1213 1425 artes.

182 1445 331 1492 stabat
356 1445 520 1492 acerba
547 1446 772 1501 fremens,
799 1444 1045 1504 ingentem
1072 1444 1212 1491 nixus
1239 1445 1289 1490 in
1317 1446 1510 1502 hastam,

181 1513 383 1568 Aeneas,
408 1528 578 1573 magno
604 1512 835 1558 iuvenum
863 1524 910 1557 et
936 1512 1186 1558 maerentis
1214 1511 1308 1558 Iuli

182 1596 429 1636 concursu,
456 1579 661 1625 lacrimis
688 1578 949 1626 inmobilis.
1023 1579 1107 1625 ille
1133 1592 1309 1626 retorto
1557 1603 1619 1633 400

184 1646 443 1692 Paeonium
469 1646 519 1692 in
545 1662 726 1693 morem
755 1645 910 1692 senior
935 1646 1207 1693 succinctus
1232 1646 1427 1702 amictu,

182 1713 331 1759 multa
356 1729 499 1759 manu
526 1713 708 1760 medica
740 1713 1017 1776 Phoebique
1043 1713 1320 1776 potentibus
1345 1712 1500 1759 herbis

181 1779 472 1842 nequiquam
499 1780 718 1842 trepidat,
747 1780 1040 1843 nequiquam
1066 1780 1246 1842 spicula
1272 1780 1433 1826 dextra

182 1846 404 1893 sollicitat
428 1860 713 1910 prensatque
741 1848 896 1894 tenaci
925 1847 1106 1910 forcipe
1132 1848 1326 1893 ferrum.

181 1913 314 1960 nulla
338 1913 462 1960 viam
488 1915 674 1961 fortuna
702 1915 822 1976 regit
846 1935 859 1971 ;
898 1914 1021 1960 nihil
1048 1928 1211 1960 auctor
1234 1914 1409 1976 Apollo

182 1980 435 2035 subvenit3
473 1994 518 2027 et
545 1998 704 2027 saevus
732 1982 910 2044 campis
937 1981 1082 2043 magis
1107 1998 1159 2028 ac
1187 1981 1331 2041 magis
1356 1982 1520 2027 horror

182 2047 451 2104 crebrescit,
510 2048 800 2111 propiusque
869 2049 1048 2094 malum
1110 2061 1192 2095 est.
1265 2048 1358 2094 iam
1423 2048 1617 2111 pulvere

317 2115 503 2162 caelum

183 2194 300 2228 stare
325 2182 507 2239 vident,
534 2182 836 2246 subeuntque
864 2182 1062 2245 equites,
1092 2196 1139 2229 et
1165 2182 1344 2245 spicula
1371 2183 1529 2228 castris

182 2249 324 2296 densa
350 2249 526 2296 cadunt
553 2249 735 2297 mediis.
808 2249 846 2296 it
872 2250 1015 2296 tristis
1040 2250 1098 2296 ad
1123 2251 1311 2295 aethera
1337 2249 1513 2295 clamor

184 2315 451 2362 bellantum
477 2316 708 2362 iuvenum
735 2329 781 2363 et
806 2316 924 2363 duro
951 2317 1036 2363 sub
1066 2317 1226 2362 Marte
1252 2316 1522 2363 cadentum.
1557 2341 1620 2370 410

185 2382 262 2428 hic
288 2383 469 2439 Venus,
497 2383 694 2444 indigno
720 2383 818 2429 nati
846 2400 1069 2430 concussa
1096 2383 1271 2440 dolore,

186 2448 480 2496 dictamnum
506 2450 720 2512 genetrix
748 2450 944 2497 Cretaea
970 2450 1120 2513 carpit
1143 2451 1200 2496 ab
1227 2450 1324 2508 Ida,

186 2514 442 2576 puberibus
468 2517 654 2563 caulem
680 2517 805 2563 foliis
833 2530 879 2563 et
904 2516 1017 2564 flore
1045 2530 1313 2563 comantem

186 2597 458 2643 purpure03
494 2600 591 2630 non
617 2584 698 2630 illa
724 2584 832 2630 feris
858 2584 1100 2645 incognita
1127 2584 1276 2646 capris

187 2647 413 2709 gramina,
437 2665 547 2695 cum
573 2662 702 2710 tergo
724 2651 939 2698 volucres
963 2653 1152 2697 haesere
1179 2650 1385 2712 sagittae.

519 2725 592 2774 382
621 2725 774 2767 harena.
937 2728 1013 2777 408
1046 2728 1220 2767 subeunt.
