1866 3208
537 245 810 284 AENEIDOS
840 243 943 282 LIB.
974 243 1058 280 XII
1471 256 1544 295 353

118 358 381 405 vociferans
405 373 416 402 ε
452 360 466 379 ‘
482 369 628 409 nunc,
656 369 683 398 ο
710 368 971 414 numquam
996 351 1216 397 frustrata
1239 364 1433 397 vocatus

119 427 249 472 hasta
273 439 417 479 mem,
444 437 573 466 nunc
601 432 788 482 tempus
814 419 944 464 adest
967 439 980 475 3
1017 431 1063 464 te
1090 418 1324 464 maximus
1348 419 1514 475 Actor,

121 506 166 539 te
193 489 352 538 Turni
378 504 508 534 nunc
535 487 698 533 dextra
724 486 842 547 gerit
863 505 878 539 3
914 486 971 531 da
997 498 1203 531 sternere
1230 502 1399 548 corpus

120 558 409 617 loricamque
435 571 579 600 manu
603 553 755 599 valida
781 554 982 599 lacerare
1007 553 1240 598 revulsam

120 622 323 672 semiviri
352 621 546 683 Phrygis
573 633 620 666 et
646 620 836 667 foedare
863 619 911 665 in
938 620 1132 682 pulvere
1158 619 1312 666 crines

118 691 319 736 vibratos
347 689 501 735 calido
527 688 650 734 ferro
676 704 930 750 murraque
956 687 1229 733 madentes?
1492 712 1551 734 100

117 757 187 803 his
213 756 365 816 agitur
391 755 523 801 furiis
547 776 560 812 ;
597 768 795 817 totoque
821 754 1027 800 ardentis
1051 754 1109 800 ab
1135 771 1214 800 ore

118 824 354 870 scintillae
380 823 611 868 absistunt
634 843 647 878 3
684 821 834 868 oculis
860 821 1005 867 micat
1029 821 1215 867 acribus
1241 820 1377 882 ignis.

116 890 324 951 mugitus
349 889 499 936 veluti
526 905 636 935 cum
663 889 813 951 prima
839 888 888 934 in
914 888 1094 951 proelia
1120 901 1277 935 taurus

117 957 341 1004 terrificos
369 956 461 1003 ciet
486 970 626 1018 atque
652 955 785 1002 irasci
812 956 862 1001 in
890 972 1067 1002 cornua
1093 968 1313 1017 temptat,

116 1025 288 1070 arboris
315 1024 518 1070 obnixus
546 1037 734 1080 trunco,
758 1036 1019 1085 ventosque
1045 1022 1231 1069 lacessit

117 1091 306 1149 ictibus,
332 1104 413 1138 aut
438 1108 587 1152 sparsa
612 1090 671 1136 ad
695 1106 903 1152 pugnam
928 1090 1142 1152 proludit
1167 1091 1356 1136 harena.

183 1175 272 1205 nec
299 1158 457 1204 minus
484 1158 662 1203 interea
689 1157 913 1203 maternis
940 1174 1099 1203 saevus
1125 1156 1175 1202 in
1200 1157 1338 1203 armis

115 1226 300 1280 Aeneas
326 1224 454 1271 acuit
483 1225 694 1271 Martem
723 1238 769 1270 et
796 1241 841 1271 se
868 1224 1061 1270 suscitat
1086 1224 1166 1281 ira,

115 1293 274 1339 oblato
300 1292 508 1353 gaudens
535 1291 761 1354 componi
788 1291 980 1338 foedere
1006 1291 1204 1338 bellum.

116 1372 219 1406 tum
245 1359 394 1406 socios
420 1359 682 1422 maestique
710 1371 896 1405 metum
923 1358 1098 1404 solatur
1123 1358 1236 1415 Iuli,
1493 1382 1552 1404 110

116 1426 209 1473 fata
235 1427 429 1482 docens,
454 1426 647 1488 regique
674 1426 808 1472 iubet
832 1443 1053 1488 responsa
1079 1425 1253 1472 Latino

116 1506 241 1540 certa
266 1493 441 1539 referre
466 1493 587 1538 viros
615 1506 661 1539 et
688 1492 816 1554 pacis
842 1493 997 1539 dicere
1024 1493 1166 1554 leges.

182 1573 368 1623 postera
392 1559 470 1605 vix
498 1577 706 1606 summos
735 1560 976 1622 spargebat
1001 1560 1184 1606 lumine
1210 1572 1398 1606 montes

116 1640 215 1673 orta
241 1627 354 1685 dies,
382 1644 493 1673 cum
519 1626 727 1689 primum
755 1627 850 1673 alto
877 1644 922 1673 se
947 1627 1128 1688 gurgite
1155 1627 1335 1673 tollunt

115 1694 224 1740 solis
252 1694 362 1756 equi
389 1695 648 1756 lucemque
677 1693 810 1740 elatis
837 1694 1026 1739 naribus
1053 1694 1246 1747 efflant3

116 1778 337 1823 campum
363 1761 421 1806 ad
447 1774 688 1807 certamen
716 1777 914 1821 magnae
941 1761 1027 1806 sub
1052 1760 1302 1807 moenibus
1329 1761 1454 1808 urbis

115 1827 320 1874 dimensi
347 1827 615 1890 Rutulique
641 1827 729 1873 viri
758 1827 1036 1890 Teucrique
1061 1829 1304 1896 parabant,

114 1894 164 1941 in
190 1894 447 1958 medioque
473 1895 603 1941 focos
631 1908 677 1941 et
705 1895 774 1940 dis
803 1895 1136 1941 communibus
1163 1912 1258 1941 aras

115 1962 390 2023 gramineas.
462 1961 539 2008 alii
567 1962 853 2024 fontemque
881 1961 1139 2025 ignemque
1164 1962 1399 2019 ferebant,

113 2029 256 2075 velati
283 2028 398 2075 limo
424 2042 470 2075 et
494 2029 697 2075 verbena
725 2043 939 2091 tempora
962 2029 1128 2076 vincti.
1492 2054 1551 2077 120

114 2095 330 2159 procedit
357 2096 479 2156 legio
503 2095 826 2152 Ausonidum,
854 2096 1096 2159 pilataque
1121 2096 1276 2159 plenis

114 2162 301 2223 agmina
327 2179 374 2208 se
400 2163 611 2209 fundunt
636 2163 798 2224 portis.
871 2163 985 2210 hinc
1014 2164 1191 2210 Tro‘i'us
1217 2164 1372 2211 omnis

118 2229 496 2292 Tyrrhenuc3-2e
523 2229 619 2276 ruit
642 2229 779 2276 variis
808 2231 1044 2278 exercitus
1069 2232 1226 2289 armis,

116 2296 242 2342 haud
267 2313 399 2343 secus
425 2296 646 2343 instructi
676 2298 816 2355 ferro,
843 2315 985 2361 quam
1013 2298 1047 2344 si
1076 2316 1233 2361 aspera
1261 2299 1433 2346 Martis

116 2379 274 2424 pugna
297 2376 452 2411 vocet.
525 2381 613 2410 nec
641 2381 737 2410 non
765 2365 934 2411 mediis
959 2367 1008 2411 in
1034 2366 1229 2412 milibus
1254 2366 1342 2430 ipsi

117 2429 334 2476 ductores
359 2448 472 2477 auro
496 2431 698 2478 volitant
725 2445 944 2495 ostroque
970 2433 1173 2495 superbi,

119 2508 166 2542 et
190 2511 336 2555 genus
361 2498 570 2544 Assaraci
599 2499 884 2545 Mnestheus
912 2513 958 2546 et
985 2501 1118 2546 fortis
1141 2501 1292 2547 Asilas

119 2575 165 2608 et
193 2563 438 2624 Messapus
465 2582 641 2627 equum
668 2566 889 2624 domitor,
918 2567 1168 2629 Neptunia
1192 2570 1366 2631 proles.

120 2641 267 2691 utque
294 2629 403 2675 dato
428 2630 559 2690 signo
583 2632 729 2694 spatia
754 2633 805 2678 in
831 2650 911 2679 sua
937 2635 1136 2697 quisque
1163 2636 1368 2693 recessit,

120 2695 333 2757 defigunt
358 2695 528 2742 tellure
553 2699 704 2745 hastas
731 2712 777 2746 et
803 2713 934 2746 scuta
960 2702 1210 2749 reclinant.
1491 2729 1550 2759 130

327 2785 401 2821 104
431 2780 495 2810 aut
516 2773 635 2812 irasci.
765 2789 838 2814 120
869 2779 960 2817 lino.
1077 2780 1150 2817 126
1183 2780 1316 2819 decori.

763 2845 787 2875 2
815 2849 843 2876 A
