1866 3208
317 239 391 290 338
763 238 1072 278 P.VERG1L1
1103 241 1361 279 MARONIS

379 346 677 408 exsultatque
702 345 882 402 animi5‚
910 358 957 392 et
981 363 1058 408 spe
1084 346 1176 394 iam
1200 347 1424 409 praecipit
1449 348 1659 396 hostem:

377 411 528 474 qualis
554 411 634 457 ubi
661 411 866 474 abruptis
893 412 1012 473 fugit
1035 414 1270 476 praesepia
1295 414 1463 460 vinclis

379 479 570 524 tandem
597 477 717 524 liber
742 495 903 541 equus,
931 495 1191 543 campoque
1216 480 1390 542 potitus
1414 493 1574 544 aperto

377 558 456 591 aut
481 544 600 590 ille
588 561 637 590 1n
663 558 817 606 pastus
842 559 1145 610 armentaque
1172 547 1322 594 tendit
1348 564 1586 609 equarum,

377 624 457 656 aut
482 611 697 657 adsuetus
723 628 868 674 aquae
893 613 1116 674 perfundi
1142 613 1340 659 flumine
1366 626 1479 660 noto

376 677 564 734 emicat,
590 677 873 740 arrectisque
899 679 1061 726 fremit
1086 679 1347 726 cervicibus
1372 680 1462 726 alte

375 744 632 801 luxurians,
660 745 931 808 luduntque
958 745 1094 793 iubae
1120 764 1202 808 per
1228 747 1364 804 colla,
1389 763 1471 809 per
1496 763 1661 794 armos.

374 810 510 856 obvia
535 811 627 866 cui,
656 811 939 858 Volscorum
966 813 1064 859 acie
1090 814 1357 870 comitante,
1386 813 1590 860 Camilla

373 877 595 935 occurrit,
621 878 861 940 portisque
889 879 947 924 ab
972 896 1094 942 equo
1118 880 1275 940 regina
1299 880 1383 926 sub
1408 880 1517 942 ipsis

373 943 579 1000 desiluit,
607 961 748 1007 quam
776 958 870 991 tota
897 948 1061 992 cohors
1088 946 1264 992 imitata
1289 946 1462 993 relictis
1746 970 1808 1000 500

375 1011 431 1056 ad
457 1024 627 1056 terram
652 1011 853 1058 defluxit
879 1013 1043 1074 equis;
1081 1026 1181 1059 tum
1210 1013 1317 1059 talia
1342 1013 1492 1060 fatur:

341 1081 354 1102 ‘
374 1077 557 1135 Turne,
585 1078 654 1124 sui
680 1077 848 1125 merito
873 1078 908 1124 si
937 1096 1028 1141 qua
1054 1093 1121 1126 est
1147 1079 1318 1126 fiducia
1343 1080 1469 1138 forti,

373 1144 521 1190 audeo
548 1157 594 1191 et
618 1145 897 1191 Aeneadum
924 1146 1146 1206 promitto
1170 1163 1413 1192 occurrere
1439 1160 1637 1202 turmae,

371 1212 559 1273 solaque
587 1212 861 1273 Tyrrhenos
889 1212 1070 1274 equites
1095 1213 1161 1259 ire
1186 1213 1322 1258 obvia
1347 1226 1525 1260 contra.

371 1294 446 1324 me
473 1278 572 1324 sine
597 1278 747 1340 prima
772 1295 916 1325 manu
946 1292 1172 1341 temptare
1200 1279 1409 1341 pericula
1432 1279 1576 1325 belli:

372 1358 422 1391 tu
449 1345 588 1407 pedes
615 1345 672 1391 ad
697 1362 852 1392 muros
878 1346 1093 1403 subsiste,
1119 1360 1165 1392 et
1190 1345 1374 1391 moenia
1399 1344 1558 1392 serva.’

372 1412 568 1458 Turnus
594 1412 651 1458 ad
677 1413 807 1468 haec,
838 1413 1000 1459 oculos
1026 1412 1258 1458 horrenda
1283 1413 1331 1458 in
1358 1412 1537 1472 virgine
1564 1411 1712 1458 fixus:

339 1484 351 1505 ‘
370 1496 397 1524 o
423 1479 566 1525 decus
592 1479 755 1525 Italiae
782 1479 924 1540 virgo,
955 1497 1066 1542 quas
1092 1479 1249 1525 dicere
1275 1492 1438 1539 grates,

370 1562 539 1608 quasve
565 1546 736 1592 referre
764 1550 956 1607 parem?
994 1547 1073 1592 sed
1098 1563 1241 1600 nunc,
1270 1559 1337 1592 est
1361 1545 1521 1592 omnia
1545 1545 1734 1608 quando

370 1612 454 1658 iste
481 1613 664 1658 animus
691 1630 841 1674 supra,
869 1630 1062 1659 mecum
1087 1613 1257 1675 partire
1284 1612 1506 1659 laborem.
1747 1635 1807 1665 510

369 1679 568 1734 Aeneas,
597 1693 648 1725 ut
674 1680 796 1725 fama
823 1679 965 1726 fidem
993 1680 1215 1742 missique
1241 1692 1479 1741 reportant

370 1746 699 1806 exploratores,
727 1746 945 1808 equiturn
974 1746 1095 1792 levia
1120 1746 1343 1820 inprobus
1368 1762 1492 1791 arma

367 1812 623 1874 praemisit,
647 1826 898 1874 quaterent
925 1829 1147 1874 campos;
1183 1812 1280 1874 ipse
1306 1812 1446 1857 ardua
1471 1810 1647 1857 montis

367 1895 450 1940 per
475 1878 691 1924 deserta
681 1895 790 1938 lugo
817 1895 1039 1941 superans
1068 1878 1287 1924 adventat
1313 1878 1369 1924 ad
1395 1878 1577 1924 urbem.

368 1945 491 1991 furta
514 1963 624 2007 paro
651 1945 765 1991 belli
794 1962 1011 1991 convexo
1036 1945 1086 1990 in
1114 1945 1298 1991 tramite
1325 1944 1480 2000 silvae,

369 2026 420 2058 ut
447 2011 589 2057 bivias
616 2026 793 2058 armato
821 2011 1030 2058 obsidam
1056 2011 1209 2058 milite
1237 2011 1408 2058 fauces.

369 2092 419 2125 tu
447 2079 755 2140 Tyrrhenum
783 2079 995 2141 equitem
1022 2078 1202 2124 collatis
1229 2077 1393 2139 excipe
1421 2076 1592 2138 signis;

367 2158 526 2191 tecum
553 2162 658 2192 acer
687 2146 934 2206 Messapus
960 2145 1064 2201 erit,
1091 2157 1367 2206 turmaeque
1393 2144 1607 2200 Latinae,

368 2212 657 2274 Tiburtique
684 2229 881 2268 manus3
918 2211 1052 2257 ducis
1070 2225 1123 2257 et
1150 2224 1199 2257 tu
1227 2211 1426 2272 concipe
1452 2209 1641 2257 curam.’

367 2278 432 2324 sic
459 2279 534 2335 ait,
564 2293 609 2325 et
635 2279 822 2340 paribus
853 2279 1127 2340 Messapum
1154 2278 1203 2323 in
1229 2277 1407 2339 proelia
1432 2276 1569 2322 dictis
1746 2301 1806 2329 520

367 2346 577 2391 hortatur
603 2346 845 2408 sociosque
872 2345 1030 2402 duces,
1060 2358 1106 2390 et
1130 2344 1282 2406 pergit
1307 2344 1355 2389 in
1381 2344 1578 2389 hostem.

368 2424 434 2457 est
460 2428 605 2457 curvo
631 2413 843 2458 anfractu
871 2412 1032 2467 valles,
1057 2409 1365 2456 adcommoda
1389 2409 1538 2454 fraudi
1820 2408 1839 2477 ’.χ

368 2494 698 2540 armorumque
726 2478 858 2532 dolis,
887 2494 1029 2539 quam
1055 2476 1209 2522 densis
1235 2475 1478 2522 frondibus
1505 2489 1657 2521 atrum
1829 2473 1835 2487 ‘

369 2557 534 2604 urguet
560 2544 800 2606 utrimque
827 2544 978 2599 latus;
1014 2543 1168 2588 tenuis
1194 2560 1288 2604 quo
1315 2541 1475 2588 semita
1500 2541 1649 2598 ducit,

368 2623 684 2673 angustaeque
711 2611 870 2656 ferunt
895 2610 1052 2655 fauces
1080 2609 1323 2671 aditusque
1349 2608 1559 2669 maligni.
1819 2650 1837 2669 ‚-

366 2679 487 2724 hanc
560 2693 697 2738 super
767 2676 817 2723 in
890 2675 1090 2739 speculis
1161 2691 1438 2738 summoque
1509 2675 1558 2721 in
1626 2673 1833 2735 vertice}

502 2757 677 2790 montis
