1861 3256
182 272 188 277 -
218 266 291 306 154
664 258 708 295 P.
738 255 971 295 VERGILI
1001 257 1258 297 MARoN1s

285 375 356 410 ter
380 363 560 426 scopuli
589 363 846 408 clamorem
871 362 996 410 inter
1019 380 1131 410 cava
1157 382 1263 411 saxa
1289 364 1481 421 dedere,

283 442 354 476 ter
377 446 591 492 spumam
619 428 780 474 elisam
807 440 854 474 et
879 430 1083 477 rorantia
1108 431 1309 477 vidimus
1336 444 1472 477 astra.

282 495 463 542 interea
490 495 633 540 fessos
657 506 828 540 ventus
852 511 961 542 cum
988 497 1084 543 sole
1110 497 1318 560 reliquit,

282 561 525 623 ignarique
551 560 654 606 viae
682 559 952 623 Cyclopum
979 563 1242 609 adlabimur
1266 563 1372 610 oris.

347 640 506 689 portus
533 626 589 672 ab
616 643 803 673 accessu
830 641 1081 676 ventorum
1106 629 1315 675 inmotus
1342 642 1387 675 et
1413 628 1579 689 ingens
1642 653 1704 685 570

281 694 412 755 ipse;
449 692 529 738 sed
553 692 821 739 horrificis
810 707 940 740 luxta
967 708 1100 742 tonat
1124 697 1283 741 Aetna
1309 694 1471 752 ruinis,

281 758 617 821 interdumque
644 773 791 805 atram
816 762 1079 834 prorumpit
1104 762 1163 808 ad
1188 763 1376 808 aethera
1403 762 1581 808 nubem

281 825 470 872 turbine
497 825 762 873 fumantem
789 827 926 888 piceo
953 841 999 874 et
1025 828 1262 874 candente
1289 828 1451 874 favilla

281 892 554 954 attollitque
580 893 742 952 globos
769 892 1063 940 flammarum
1092 908 1138 941 et
1163 894 1314 940 sidera
1340 894 1539 950 lambit;

280 958 519 1005 interdum
546 960 762 1021 scopulos
789 960 1043 1022 avulsaque
1068 961 1245 1007 viscera
1271 961 1448 1006 montis

282 1025 418 1086 erigit
445 1038 660 1071 eructans
687 1025 1041 1089 liquefactaque
1068 1045 1173 1074 saxa
1199 1028 1285 1073 sub
1309 1045 1440 1074 auras

280 1109 388 1138 curn
414 1091 594 1152 gemitu
620 1092 852 1152 glomerat
879 1092 1123 1157 fundoque
1152 1106 1392 1140 exaestuat
1417 1094 1530 1141 imo.

279 1159 404 1204 fama
431 1171 498 1204 est
524 1158 756 1205 Enceladi
785 1173 1040 1206 semustum
1066 1160 1271 1207 fulmine
1297 1177 1466 1222 corpus

279 1224 464 1286 urgueri
492 1225 618 1271 mole
644 1227 749 1282 hac,
776 1225 1117 1289 ingentemque
1144 1227 1337 1289 insuper
1360 1228 1570 1273 Aetnam

279 1291 534 1354 inpositam
561 1292 709 1354 ruptis
736 1291 973 1338 flammam
1002 1293 1232 1355 exspirare
1258 1292 1457 1339 caminis
1480 1314 1494 1349 3
1643 1307 1706 1346 580

280 1371 326 1404 et
352 1358 525 1404 fessum
551 1358 770 1421 quotiens
795 1372 947 1405 mutet
974 1360 1109 1417 latuS,
1137 1359 1393 1405 intremere
1419 1375 1612 1405 omnem

278 1441 519 1471 murmure
546 1425 848 1472 Trinacriam
877 1439 923 1472 et
949 1426 1136 1472 caelum
1163 1426 1411 1472 subtexere
1437 1425 1586 1473 fumo.

278 1504 471 1538 noctem
496 1491 629 1538 illam
658 1492 772 1538 tecti
799 1492 925 1539 silvis
951 1492 1161 1538 inmania
1187 1505 1394 1539 monstra

275 1558 570 1621 perferimus,
598 1576 687 1605 nec
715 1576 833 1622 quae
861 1559 1067 1605 sonitum
1093 1559 1175 1605 det
1201 1575 1337 1605 causa
1362 1558 1593 1606 videmus,

279 1642 388 1671 nam
415 1642 571 1688 neque
600 1639 732 1672 erant
757 1639 986 1672 astrorum
1013 1626 1142 1686 ignes
1168 1642 1258 1672 nec
1286 1624 1472 1672 lucidus
1497 1626 1659 1672 aethra

277 1691 453 1737 siderea
478 1692 629 1753 polus,
657 1693 856 1738 obscuro
882 1692 963 1739 sed
989 1692 1151 1738 nubila
1178 1692 1328 1750 caelo,

279 1770 325 1804 et
350 1758 514 1804 lunam
539 1757 588 1804 in
616 1758 781 1804 nimbo
807 1775 901 1804 nox
928 1758 1212 1821 intempesta
1239 1758 1449 1806 tenebat.

343 1837 529 1887 postera
554 1824 744 1887 iamque
771 1824 870 1871 dies
897 1825 1050 1887 primo
1076 1825 1294 1886 surgebat
1320 1825 1437 1882 Eoo,

278 1904 619 1954 umentemque
644 1893 825 1937 Aurora
852 1892 963 1954 polo
989 1891 1252 1938 dimoverat
1278 1892 1493 1938 umbram
1519 1909 1529 1938 :

278 1974 387 2004 cum
413 1957 568 2004 subito
595 1975 619 2004 e
645 1958 770 2004 silvis
797 1958 950 2004 macie
977 1959 1198 2005 confecta
1223 1975 1439 2021 suprema
1642 1981 1705 2014 590

277 2023 425 2085 ignoti
453 2041 573 2070 nova
600 2025 749 2070 forma
775 2024 861 2070 viri
889 2024 1247 2088 miserandaque
1273 2026 1408 2071 cultu

275 2090 491 2153 procedit
517 2091 812 2154 supplexque
839 2108 1004 2137 manus
1030 2092 1089 2138 ad
1115 2092 1252 2138 litora
1278 2091 1449 2138 tendit.

276 2157 551 2220 respicimus
574 2176 584 2204 :
622 2158 722 2204 dira
747 2158 951 2204 inluvies
978 2158 1264 2221 inmissaque
1290 2158 1448 2216 barba,

276 2237 546 2271 consertum
572 2237 795 2286 tegumen
823 2224 996 2287 spinis;
1034 2238 1080 2271 at
1105 2239 1261 2272 cetera
1287 2224 1473 2282 Graius,

278 2302 325 2336 et
350 2291 590 2352 quondam
615 2291 777 2353 patriis
803 2292 861 2338 ad
888 2292 1086 2337 Troiam
1111 2291 1274 2338 missus
1300 2291 1350 2337 in
1376 2290 1529 2337 armis.

277 2356 407 2419 isque
433 2357 511 2402 ubi
538 2357 803 2404 Dardanios
829 2358 1016 2404 habitus
1043 2370 1090 2404 et
1116 2358 1262 2404 Tro‘ia
1285 2357 1407 2403 vidit

275 2439 400 2469 arma
424 2424 606 2485 procul,
632 2425 826 2486 paulum
853 2437 1044 2486 aspectu
1072 2423 1354 2470 conterritus
1379 2423 1528 2470 haesit

276 2489 612 2552 continuitque
636 2490 863 2550 gradum3
899 2507 1008 2536 mox
1035 2507 1129 2537 sese
1155 2490 1213 2536 ad
1238 2490 1375 2537 litora
1400 2506 1626 2553 praeceps

276 2572 387 2602 cum
412 2554 527 2602 fletu
554 2556 867 2619 precibusque
893 2556 1004 2603 tulit
1029 2575 1039 2603 :
1079 2561 1192 2619 ‘per
1217 2556 1366 2603 sidera
1394 2570 1551 2615 testor,

274 2639 359 2684 per
385 2638 571 2684 superos
597 2635 737 2685 atque
762 2624 853 2669 hoc
881 2622 999 2669 caeli
1027 2623 1246 2686 spirabile
1272 2624 1452 2681 lumen,
1638 2637 1700 2669 600

277 2687 430 2734 tollite
457 2704 549 2746 me,
577 2689 788 2746 Telmri3
826 2706 1147 2752 quascumque
1174 2690 1395 2737 abducite
1423 2703 1597 2737 terras:

821 2766 897 2803 600
925 2779 1083 2805 numen.
