1861 3256
261 261 335 289 120
709 251 753 288 P.
782 248 1015 287 VERGILI
1045 249 1303 288 MARONIS

326 355 594 418 corripuere
620 370 794 401 sacram
819 354 1031 414 effigiem,
1059 355 1368 419 manibusque
1394 355 1605 402 cruentis

326 422 554 482 virgineas
579 421 674 466 ausi
701 420 832 466 divae
859 421 1134 481 contingere
1160 421 1296 468 vittas
1319 442 1332 477 3

327 505 386 534 ex
411 488 494 533 illo
519 486 663 532 fluere
690 503 740 532 ac
768 499 891 534 retro
916 487 1126 551 sublapsa
1149 488 1313 533 referri

325 570 426 615 spes
451 553 673 599 Danaum
694 572 708 608 3
746 553 916 600 fractae
941 554 1077 611 vires,
1101 571 1256 600 aversa
1280 554 1392 600 deae
1418 569 1567 601 mens.
1693 580 1753 610 170

325 635 414 665 nec
441 618 593 664 dubiis
619 635 671 664 ea
696 619 825 680 signa
847 619 977 667 dedit
1002 621 1225 667 Tritonia
1250 620 1483 666 monstris.

325 686 402 731 vix
428 684 633 746 positum
659 685 814 732 castris
840 686 1142 735 simulacrum
1167 707 1177 735 :
1216 705 1364 734 arsere
1391 704 1612 734 coruscae

324 751 585 798 luminibus
610 750 823 799 flammae
850 754 1052 811 arrectis,
1078 755 1311 817 salsusque
1338 771 1422 817 per
1446 767 1569 801 artus

325 818 462 864 sudor
487 817 558 875 iit,
584 831 745 882 terque
770 819 867 882 ipsa
892 821 1272 868 solo—mirabile
1297 822 1500 868 dictu-—

324 884 537 941 emicuit,
562 902 864 950 parmamque
891 887 1043 934 ferens
1067 890 1340 952 hastamque
1368 901 1667 935 trementem.

325 952 568 1013 extemplo
593 953 865 1014 temptanda
889 954 997 1015 fuga
1023 956 1151 1002 canit
1177 973 1376 1020 aequora
1403 955 1604 1002 Calchas
1626 975 1639 1011 3

325 1034 414 1064 nec
440 1034 570 1079 posse
595 1019 826 1079 Argolicis
852 1021 1064 1067 exscindi
1093 1022 1315 1083 Pergama
1341 1023 1461 1078 telis,

324 1084 483 1131 omina
509 1084 557 1130 ni
583 1098 796 1147 repetant
820 1086 973 1146 Argis,
998 1104 1273 1152 numenque
1299 1089 1544 1145 reducant,

325 1151 451 1214 quod
475 1151 638 1213 pelago
663 1165 709 1198 et
734 1151 891 1198 curvis
915 1170 1075 1200 secum
1101 1172 1297 1201 avexere
1324 1155 1506 1202 carinis,

325 1231 372 1264 et
398 1235 545 1274 nunc,
570 1218 695 1281 quod
721 1218 888 1280 patrias
913 1234 1054 1267 vento
1078 1221 1256 1282 petiere
1285 1222 1533 1282 Mycenas,
1695 1234 1754 1265 180

326 1301 449 1330 arma
473 1285 677 1347 deosque
704 1299 866 1347 parant
892 1286 1106 1344 comites,
1131 1288 1388 1350 pelagoque
1415 1303 1631 1333 remenso

325 1350 549 1413 inprovisi
576 1352 790 1399 aderunt.
860 1352 924 1398 ita
947 1353 1114 1413 digerit
1139 1354 1297 1399 omina
1323 1352 1539 1399 CalchaS.

323 1419 444 1464 hanc
472 1435 555 1480 pro
582 1418 788 1465 Palladio
814 1419 997 1476 moniti,
1025 1437 1108 1481 pro
1135 1420 1333 1465 numine
1360 1420 1482 1465 laeso

324 1484 524 1545 effigiem
550 1498 768 1542 statuere,
795 1486 922 1531 nefas
948 1503 1065 1549 quae
1092 1487 1219 1532 triste
1246 1486 1392 1548 piaret
1416 1505 1426 1532 :

323 1552 446 1597 hanc
474 1565 631 1598 tamen
658 1551 920 1598 inmensam
947 1552 1148 1599 Calchas
1173 1554 1385 1600 attollere
1412 1553 1587 1599 molem

324 1618 566 1664 roboribus
593 1619 749 1676 textis,
775 1619 999 1682 caeloque
1027 1619 1226 1666 educere
1252 1620 1398 1676 iussit,
1517 1634 1519 1636 ’

325 1701 385 1730 ne
412 1685 558 1747 recipi
585 1685 744 1747 portis,
770 1699 848 1732 aut
873 1685 1021 1731 duci
1010 1703 1059 1731 1n
1087 1685 1274 1732 moenia
1298 1685 1454 1747 possit,

324 1767 417 1797 neu
443 1752 675 1826 populum
702 1751 892 1815 antiqua
917 1751 1002 1797 sub
1028 1752 1256 1812 religione
1282 1752 1418 1799 tueri.

324 1835 434 1864 narn
461 1818 495 1864 si
523 1832 671 1864 vestra
696 1835 860 1864 manus
887 1818 1101 1864 violasset
1126 1818 1247 1864 dona
1275 1818 1538 1875 Minervae,

325 1897 427 1931 tum
475 1901 699 1945 magnum
756 1884 1166 1948 exitium—quod
1221 1885 1267 1931 di
1324 1885 1450 1947 prius
1505 1901 1647 1930 omen
1705 1884 1754 1930 in

458 1969 611 2013 1psum
1698 1975 1757 2006 190

324 2032 602 2065 convertant
624 2018 881 2065 !—Priami
908 2018 1106 2080 imperio
1128 2018 1480 2082 Phrygibusque
1508 2018 1719 2064 futurum
1744 2036 1754 2065 :

325 2085 395 2130 sin
422 2085 637 2131 manibus
663 2085 823 2131 vestris
851 2099 1050 2131 vestram
1076 2085 1358 2132 ascendisset
1383 2085 1432 2130 in
1461 2085 1640 2140 urbem,

326 2152 450 2197 ultro
475 2152 635 2198 Asiam
663 2169 833 2213 magno
862 2152 1065 2214 Pelopea
1090 2152 1147 2198 ad
1171 2152 1359 2198 moenia
1385 2152 1511 2197 bello

324 2232 588 2274 venturam,
617 2232 664 2265 et
690 2232 868 2266 nostros
895 2236 946 2265 ea
973 2219 1066 2265 fata
1091 2235 1279 2265 manere
1307 2216 1532 2280 nepotes.’

325 2284 494 2330 talibus
520 2285 697 2331 insidiis
722 2285 993 2349 periurique
1021 2299 1115 2332 arte
1145 2286 1331 2332 Sinonis

302 2350 505 2397 ,credita
530 2368 614 2407 res,
644 2353 862 2416 captique
888 2353 1007 2398 dolis
1033 2352 1331 2414 lacrimisque
1357 2350 1544 2407 coactis,

292 2418 311 2480 ’ᾗ
325 2434 438 2480 quos
466 2434 620 2481 neque
648 2419 878 2479 Tydides,
904 2435 993 2464 nec
1022 2418 1282 2464 Larissaeus
1306 2417 1535 2471 Achilles,

307 2490 421 2535 {non
447 2484 557 2530 anni
583 2484 806 2531 domuere
832 2485 1014 2540 decem,
1042 2501 1138 2530 non
1165 2484 1297 2530 mille
1323 2483 1521 2530 carinae.

299 2549 306 2560 ¹
393 2550 469 2596 hic
499 2550 626 2597 aliud
651 2551 797 2597 maius
824 2551 1000 2597 miseris
1027 2551 1272 2614 multoque
1298 2550 1599 2597 tremendum

326 2617 531 2663 obicitur
557 2617 716 2677 magis,
743 2631 880 2681 atque
907 2617 1154 2680 inprovida
1177 2631 1367 2679 pectora
1392 2617 1562 2664 turbat.
1693 2640 1756 2661 200

327 2683 564 2740 Laocoon,
592 2684 761 2732 ductus
787 2684 1021 2746 Neptuno
1046 2698 1165 2731 sorte
1192 2684 1417 2741 sacerdOS‚

891 2760 962 2809 187
994 2769 1129 2809 posset.
