1866 3208
1053 135 1082 176 l

528 251 801 290 AENEIDOS
832 251 936 290 LIB.
965 251 1070 289 VIII
1470 252 1518 289 26
1527 263 1543 288 1

113 358 385 420 velavitque
412 372 568 403 comas
594 356 817 419 foliisque
843 357 1021 404 innexa
1045 357 1296 420 pependit,

114 438 162 472 et
187 441 317 471 sacer
341 422 546 485 inplevit
572 422 789 469 dextram
817 426 1035 486 scyphus.
1105 425 1236 471 ocius
1262 441 1428 471 omnes

111 492 161 538 in
189 507 398 538 mensam
425 489 536 535 laeti
563 489 715 535 libant
740 490 970 554 divosque
995 505 1267 554 precantur.

179 559 362 604 devexo
386 556 571 602 interea
594 556 786 631 propior
812 557 864 604 fit
890 559 1076 621 Vesper
1103 560 1351 621 Olympo:
1487 573 1549 604 280

112 625 300 687 iamque
326 623 593 670 sacerdotes
619 624 894 699 primusque
922 625 1126 672 Potitius
1151 626 1284 672 ibant

110 690 354 767 pellibus
342 708 393 737 in
419 707 602 737 morem
628 690 794 749 cincti,
821 690 1126 754 flammasque
1154 693 1388 740 ferebant.

110 759 375 805 instaurant
401 758 578 821 epulas,
607 770 655 804 et
681 775 872 805 mensae
897 773 1025 819 grata
1052 760 1290 806 secundae

110 826 236 872 dona
262 825 439 882 ferunt,
468 826 817 888 cumulantque
844 826 1050 872 oneratis
1078 827 1293 873 lancibus
1320 844 1433 874 araS.

111 906 212 939 tum
240 892 352 938 Salii
380 892 438 938 ad
465 905 629 938 cantus
656 892 851 938 incensa
878 893 1044 939 altaria
1071 893 1254 940 circum

108 959 325 1022 populeis
350 959 520 1005 adsunt
548 959 726 1006 evincti
756 972 970 1022 tempora
995 961 1134 1006 ramis
1157 982 1170 1017 ;

108 1026 188 1073 hic
214 1026 444 1073 iuvenum
464 1028 650 1084 chorus,
678 1027 763 1073 ille
793 1044 960 1073 senum
984 1049 997 1084 ;
1034 1028 1115 1090 qui
1143 1028 1354 1074 carmine
1381 1028 1545 1074 laudes

110 1093 375 1140 Herculeas
403 1106 451 1140 et
477 1093 604 1140 facta
630 1094 794 1140 ferunt
819 1113 829 1140 :
868 1107 921 1140 ut
944 1095 1099 1157 prima
1126 1112 1359 1141 novercae

109 1173 319 1207 monstra
344 1177 488 1207 manu
514 1161 822 1224 geminosque
848 1178 1070 1224 premens
1099 1162 1277 1208 eliserit
1303 1178 1478 1223 angues
1503 1183 1514 1218 ;

110 1241 162 1274 ut
188 1227 318 1274 bello
345 1228 551 1289 egregias
576 1228 706 1275 idem
733 1228 975 1275 disiecerit
1000 1229 1154 1287 urbes,
1486 1254 1546 1284 290

109 1294 404 1358 Troiamque
432 1295 814 1358 Oechaliamque
837 1317 850 1353 3
889 1310 942 1342 ut
968 1296 1109 1342 duros
1136 1296 1271 1342 mille
1298 1296 1479 1343 labores

107 1379 217 1423 rege
243 1362 329 1408 sub
355 1362 638 1424 Eurystheo,
666 1363 774 1409 fatis
801 1363 1003 1409 Iunonis
1029 1363 1238 1426 iniquae,

107 1429 378 1491 pertulerit.
451 1434 532 1476 ‘tu
560 1430 839 1491 nubigenas,
867 1430 1064 1488 invicte,
1091 1430 1381 1477 bimembres

110 1496 451 1559 Hylaeumque
480 1496 784 1559 Pholumque
810 1513 969 1556 manu,
998 1510 1049 1544 tu
1077 1497 1239 1544 Cresia
1265 1510 1440 1544 mactas

108 1563 337 1626 prodigia,
366 1577 413 1610 et
439 1577 624 1610 vastum
652 1564 840 1610 Nemea
866 1565 952 1610 sub
977 1581 1094 1627 rupe
1121 1565 1328 1612 leonem.

110 1643 157 1676 te
185 1630 335 1692 Stygii
363 1643 602 1677 tremuere
628 1631 774 1689 lacus,
804 1645 851 1677 te
877 1631 1054 1678 ianitor
1080 1631 1197 1677 Orci
1266 1659 1273 1666 κ

109 1714 208 1743 ossa
234 1714 373 1759 super
398 1698 630 1744 recubans
657 1711 796 1744 antro
823 1715 1001 1745 semesa
1027 1711 1228 1745 cruento
1251 1719 1265 1756 3

108 1781 198 1811 nec
226 1777 272 1810 te
300 1764 427 1811 ullae
452 1764 610 1823 facieS,
639 1783 736 1812 non
765 1766 936 1812 terruit
959 1765 1060 1828 ipse
1079 1765 1353 1828 »Typhoeus

107 1832 278 1877 arduus
304 1848 432 1878 arma
458 1843 627 1879 tenens
651 1853 664 1890 ;
703 1850 800 1879 non
830 1846 875 1879 te
902 1833 1097 1879 rationis
1127 1846 1348 1894 egentem

107 1899 350 1946 Lernaeus
378 1899 515 1946 turba
542 1900 755 1962 capitum
782 1900 1104 1946 circumstetit
1129 1900 1308 1961 anguis·
1485 1926 1546 1955 300

109 1966 250 2024 salve,
277 1983 387 2012 vera
414 1966 540 2013 Iovis
565 1967 736 2029 proles,
764 1967 910 2014 decus
938 1967 1100 2014 addite
1127 1967 1261 2023 divis,

109 2046 155 2080 et
181 2050 263 2079 nos
291 2045 339 2079 et
365 2046 444 2080 tua
468 2034 637 2080 dexter
662 2034 737 2080 adi
765 2034 888 2096 pede
915 2051 1044 2081 sacra
1070 2035 1314 2082 secundo.'

107 2100 218 2146 talia
245 2100 535 2147 carminibus
563 2101 809 2148 celebrant
832 2122 846 2158 ;
884 2119 1026 2164 super
1051 2101 1211 2148 omnia
1240 2100 1356 2148 Caci

107 2167 386 2229 speluncam
413 2167 644 2226 adiciunt,
672 2168 1030 2231 spirantemque
1056 2168 1244 2230 ignibus
1270 2169 1442 2231 ipsum.

107 2247 340 2281 consonat
365 2252 508 2281 omne
535 2252 703 2281 nemus
731 2235 948 2298 strepitu,
978 2236 1219 2298 collesque
1247 2236 1494 2282 resultant.

175 2301 286 2348 exin
313 2318 360 2348 se
387 2302 551 2348 cuncti
578 2302 753 2348 divinis
780 2303 918 2349 rebus
946 2303 1004 2348 ad
1032 2304 1198 2349 urbem

106 2369 332 2430 perfectis
359 2370 589 2416 referunt.
640 2370 760 2436 ‚ibat
786 2387 866 2416 rex
896 2370 1076 2416 obsitus
1102 2388 1232 2428 aevo,

109 2447 158 2481 et
183 2435 410 2483 comitem
434 2438 633 2484 Aenean
660 2437 793 2484 iuxta
820 2451 1083 2500 natumque
1110 2439 1305 2484 tenebat
1335 2465 1375 2487 s

109 2500 394 2561 ingrediens,
421 2504 643 2567 varioque
668 2505 794 2551 viam
822 2523 1041 2551 sermone
1067 2506 1270 2552 levabat.

109 2567 309 2615 miratur
333 2570 591 2634 facilesque
617 2572 780 2618 oculos
806 2573 900 2618 fert
926 2572 1087 2618 omnia
1113 2572 1294 2619 circum
1483 2595 1544 2625 310

109 2635 312 2693 AeneaS,
340 2636 621 2700 capiturque
648 2639 778 2697 locis,
808 2652 855 2686 et
881 2639 1067 2714 singula
1091 2640 1244 2685 laetus

111 2701 414 2765 exquiritque
441 2704 667 2767 auditque
693 2705 849 2751 virum
875 2706 1173 2752 monimenta
1198 2705 1425 2767 priorum.

648 2795 722 2835 295
754 2787 935 2824 Nemeae.
