1861 3256
557 258 833 296 AENEIDos
863 258 968 297 Lm.
997 258 1017 296 1
1494 267 1544 306 97

109 369 354 417 disiectam
377 369 567 415 Aeneae
594 380 693 414 toto
719 367 847 414 videt
873 384 1072 431 aequore
1099 367 1308 421 classem,

109 436 332 484 fluctibus
357 452 594 498 oppressos
620 434 770 480 Troas
797 434 1011 498 caelique
1037 434 1186 490 ruina,

109 521 198 550 nec
226 504 405 550 latuere
431 501 527 548 doli
552 502 746 548 fratrem
772 502 970 547 Iunonis
998 516 1045 549 et
1070 502 1178 548 irae.
1489 525 1550 555 130

109 571 292 617 Eurum
318 571 375 616 ad
399 587 445 616 se
472 570 848 631 Zephyrumque
875 583 1025 625 vocat,
1053 568 1226 615 dehinc
1254 567 1365 615 talia
1389 567 1513 614 fatur
1538 587 1547 614 :

180 642 192 663 ‘
208 650 400 684 tantane
425 654 503 683 vos
529 635 711 696 generis
738 635 894 681 tenuit
920 635 1092 681 fiducia
1117 635 1256 681 vestri
1280 639 1296 682 ?

108 705 201 751 iarn
228 705 414 751 caelum
440 716 705 766 terramque
732 719 839 748 meo
864 702 964 748 sine
990 703 1204 759 numine,
1232 702 1378 759 venti,

109 772 325 827 miscere,
352 785 398 817 et
424 784 571 818 tantas
598 769 777 816 audetis
803 770 970 815 tollere
996 770 1143 815 moles
1166 774 1182 815 ?

109 856 224 902 quos
251 855 404 899 ego—
426 839 434 885 !
476 838 556 884 sed
580 850 731 883 motos
755 849 955 898 praestat
981 853 1265 898 componere
1292 835 1464 884 fluctus
1492 854 1503 882 ε

108 919 213 968 post
238 906 354 952 mihi
382 922 479 951 non
508 905 647 950 simili
674 921 828 966 poena
853 903 1100 950 commissa
1126 903 1280 950 luetis.

109 986 339 1019 maturate
366 973 542 1033 fugam,
568 971 762 1034 regique
786 972 903 1017 haec
930 971 1075 1017 dicite
1101 984 1252 1017 vestro
1280 989 1290 1017 :

108 1057 205 1086 non
233 1040 304 1086 illi
329 1039 584 1101 imperium
611 1038 763 1101 pelagi
788 1055 1076 1101 saevumque
1103 1037 1373 1093 tridentem,

109 1106 332 1153 sed›mihi
359 1120 479 1153 sorte
505 1107 684 1159 datum.¹
756 1118 890 1152 tenet
916 1106 996 1151 ille
1023 1105 1234 1151 inmania
1259 1122 1379 1160 saxa,

109 1188 294 1231 vestras,
323 1175 462 1230 Eure,
491 1174 652 1219 domos
678 1194 692 1230 3
729 1173 812 1219 illa
837 1190 882 1219 se
909 1172 1052 1219 iactet
1078 1172 1126 1218 in
1154 1172 1258 1218 aula
1491 1194 1553 1224 140

107 1242 286 1288 Aeolus
313 1255 360 1288 et
386 1241 545 1288 clauso
571 1254 823 1287 ventorum
850 1257 1037 1287 carcere
1062 1238 1277 1300 regnet.’·

177 1308 240 1355 sic
268 1309 344 1365 ait,
374 1321 420 1355 et
445 1309 573 1355 dicto
599 1308 738 1355 citius
763 1307 945 1355 tumida
971 1324 1168 1371 aequora
1193 1307 1362 1368 placat,

110 1377 427 1439 collectasque
453 1377 582 1436 fugat
608 1376 757 1422 nubes
783 1375 1027 1438 solemque
1052 1373 1253 1421 reducit.

112 1443 379 1504 Cymothoe·
405 1442 543 1489 simul
570 1456 617 1489 et
643 1442 820 1488 Triton
848 1442 1046 1488 adnixus
1073 1454 1213 1488 acuto

110 1510 371 1557 detrudunt
395 1527 536 1556 naves
562 1510 757 1572 scopulo
783 1530 797 1566 3
834 1509 958 1556 levat
985 1509 1081 1571 ipse
1109 1506 1302 1555 tridenti

111 1591 157 1624 et
183 1591 327 1624 vastas
354 1577 502 1639 aperit
530 1578 685 1638 Syrtes
713 1591 758 1623 et
784 1590 1016 1638 temperat
1043 1592 1230 1638 aequor,

111 1658 251 1708 atque
277 1644 388 1690 rotis
414 1660 615 1689 summas
642 1644 824 1690 levibus
849 1642 1110 1706 perlabitur
1136 1642 1298 1688 undas.

110 1729 162 1758 ac
189 1711 337 1757 veluti
364 1727 534 1771 magno
559 1710 607 1756 in
634 1711 813 1772 populo
839 1726 950 1756 cum
978 1726 1112 1772 saepe
1140 1722 1298 1758 coorta
1324 1721 1404 1757 est.

110 1778 289 1835 seditio,
318 1778 556 1840 saevitque
581 1777 747 1823 animis
774 1777 983 1837 ignobile
1009 1777 1192 1837 vulgus,

109 1848 297 1908 iamque
323 1845 448 1891 faces
475 1859 521 1891 et
547 1862 653 1891 saxa
678 1844 1038 1891 volant'—furor
1064 1861 1189 1890 arma
1215 1842 1520 1890 ministrat—

110 1926 212 1959 tum
236 1912 412 1975 pietate
438 1928 627 1972 gravem
653 1925 699 1959 et
725 1911 903 1958 meritis
930 1912 965 1958 si
991 1913 1113 1958 forte
1140 1911 1295 1957 virum
1322 1927 1465 1974 quem
1492 1934 1550 1964 151

111 1979 582 2042 conspexere,.silent
607 1979 892 2042 arrectisque
920 1979 1106 2026 auribus
1133 1979 1315 2025 adstant
1337 1998 1350 2034 ;

110 2047 192 2093 ille
218 2047 336 2107 regit
362 2046 499 2093 dictis
526 2046 723 2104 animos,
751 2060 797 2094 et
822 2060 1015 2108 pectora
1039 2046 1220 2093 mulcet
1244 2065 1254 2093 ε

110 2114 175 2160 sic
203 2127 405 2160 cunctus
430 2113 583 2176 pelagi
611 2113 787 2160 cecidit
815 2115 984 2174 fragor,
1011 2130 1212 2176 aequora
1236 2126 1485 2176 postquam

109 2180 397 2243 prospiciens
424 2180 609 2242 genitor
635 2181 862 2243 caeloque
889 2181 1107 2227 invectus
1133 2193 1296 2242 aperto

111 2247 261 2294 flectit
287 2265 428 2311 equos
455 2265 690 2311 curruque
717 2248 879 2294 volans
906 2248 985 2294 dat
1011 2248 1111 2293 lora
1136 2246 1360 2293 secundO.

131 2362 135 2367 ,
178 2315 345 2361 defessi
370 2315 638 2373 Aeneadae,
667 2332 785 2379 quae
813 2314 1029 2376 proxima
1056 2314 1208 2372 litora,
1235 2331 1373 2361 cursu

113 2382 410 2430 contendunt
434 2396 612 2446 petere,
640 2396 685 2429 et
710 2382 889 2444 Libyae
916 2394 1167 2429 vertuntur
1191 2381 1249 2428 ad
1273 2398 1388 2428 oras·

113 2460 182 2494 est
205 2448 255 2494 in
281 2466 459 2497 secessu
485 2451 628 2510 longo
654 2450 786 2496 locus
813 2469 823 2497 :
862 2449 1016 2496 insula
1040 2463 1231 2512 portum

114 2514 255 2561 efficit
279 2516 468 2563 obiectu
495 2518 712 2573 laterum,
740 2517 910 2580 quibus
936 2517 1091 2564 omnis
1118 2517 1173 2563 ab
1200 2517 1296 2562 alto
1493 2529 1554 2560 160

115 2581 376 2642 frangitur
365 2601 508 2647 mque
536 2584 663 2631 sinus
690 2584 866 2631 scindit
891 2601 987 2631 sese
1015 2584 1142 2631 unda
1166 2583 1400 2630 reductos.

112 2648 227 2694 hinc
255 2662 392 2712 atque
416 2650 529 2697 hinc
555 2664 710 2698 vastae
737 2669 874 2714 rupes
900 2651 1172 2715 geminique
1200 2651 1442 2697 minantur

113 2715 164 2761 in
191 2716 376 2762 caelum
402 2717 598 2778 scopuli,
627 2735 829 2780 quorum
856 2719 942 2765 sub
966 2718 1142 2765 vertice
1168 2719 1260 2764 late

114 2799 314 2846 aequora
339 2796 438 2829 tuta
463 2783 639 2830 silent:
678 2797 780 2831 tum
808 2784 932 2830 silvis
959 2802 1125 2831 scaena
1151 2782 1357 2830 coruscis

779 2865 815 2896 Η
