1866 3208
294 215 370 267 258
753 215 798 254 P.
827 214 1060 252 VERGILI
1090 214 1348 253 MARONIS

360 339 469 384 ergo
495 334 559 380 et,
586 337 728 384 quam
753 319 933 382 petitiS,
958 320 1121 367 iuncta
1145 333 1214 367 est
1238 320 1354 366 mihi
1383 320 1574 367 foedere
1599 320 1779 379 dextra,
1827 310 1830 314 ⁴

361 403 409 437 et
433 390 516 435 lux
543 404 653 434 cum
678 387 888 448 primum
915 386 1048 433 terris
1073 404 1120 434 se
1146 387 1348 434 crastina
1374 386 1559 443 reddet,
1736 413 1795 442 170

360 455 540 502 auxilio
566 454 715 499 laetos
742 452 983 500 dimittam
1009 454 1272 516 opibusque
1300 453 1488 499 iuvabo.

360 523 544 568 interea
569 536 698 566 sacra
724 520 859 577 haec,
886 519 1076 582 quando
1099 521 1193 566 huc
1219 519 1413 566 venistis
1440 519 1598 578 amici,

360 604 533 644 annua,
561 602 681 648 quae
707 586 899 632 differre
926 586 1072 644 nefas,
1100 587 1338 633 celebrate
1363 586 1578 632 faventes

360 653 625 710 nobiscum,
656 666 702 699 et
728 652 822 699 iam
849 670 978 699 nunc
1004 653 1239 700 sociorum
1264 651 1528 698 adsuescite
1553 652 1759 700 mensis.'

426 721 543 766 haec
572 719 652 765 ubi
679 719 822 776 dicta,
850 719 993 782 dapes
1019 719 1152 766 iubet
1179 733 1225 766 et
1252 719 1430 765 sublata
1457 718 1623 781 reponi

359 786 548 850 pocula,
574 785 915 848 gramineoque
941 786 1062 832 viros
1088 787 1214 832 locat
1240 785 1339 847 ipse
1366 785 1532 841 sedili;

359 852 768 916 praecipuumque
796 865 897 899 toro
924 865 970 899 et
995 853 1150 899 villosi
1177 854 1303 915 pelle
1330 852 1481 898 leonis

361 919 537 982 accipit
561 920 762 965 Aenean
789 919 1002 982 solioque
1029 919 1201 966 invitat
1228 936 1415 966 acerno.

363 1000 465 1033 tum
491 985 606 1032 lecti
634 985 831 1032 iuvenes
856 986 1076 1033 certatim
1102 1003 1301 1049 araeque
1328 986 1542 1032 sacerdos
1738 1010 1796 1041 179

361 1053 540 1099 viscera
567 1065 688 1099 tosta
709 1052 872 1098 ferunt
898 1065 1140 1099 taurorum
1160 1066 1458 1115 onerantque
1479 1051 1695 1098 canistris

362 1120 487 1166 dona
513 1119 752 1165 laboratae
780 1118 968 1166 Cereris
996 1119 1337 1182 Bacchumque
1364 1119 1652 1165 ministrant.

361 1186 571 1233 vescitur
595 1186 785 1232 Aeneas
813 1185 951 1232 simul
979 1199 1026 1232 et
1053 1185 1264 1232 Troiana
1290 1186 1511 1232 iuventus

362 1252 582 1316 perpetui
611 1265 744 1313 tergo
772 1252 904 1298 bovis
933 1266 979 1299 et
1003 1252 1272 1299 lustralibus
1301 1253 1434 1299 extis.

430 1333 682 1382 postquam
695 1332 916 1381 exempta
929 1319 1076 1365 fames
1090 1333 1136 1366 et
1153 1336 1282 1364 amor
1294 1335 1585 1380 compressus
1605 1318 1794 1375 edendi,

362 1403 442 1433 rex
470 1386 720 1432 Euandrus
747 1386 842 1433 ait:
883 1390 896 1411 ‘
913 1403 1010 1432 non
1036 1387 1154 1432 haec
1181 1385 1430 1431 sollemnia
1457 1385 1608 1442 nobis,

363 1455 445 1500 has
473 1470 529 1499 ex
557 1469 687 1499 more
713 1454 872 1516 dapes,
899 1454 1023 1499 hanc
1050 1452 1170 1499 tanti
1199 1451 1411 1498 numinis
1435 1468 1560 1498 aram

362 1538 483 1566 vana
508 1519 780 1583 superstitio
809 1532 1127 1584 veterumque·
1146 1519 1305 1580 ignara
1331 1519 1528 1565 deorum

363 1587 607 1649 inposuit;
645 1586 808 1645 saeviS‚
836 1589 1005 1649 hospes
1033 1586 1263 1643 Troiane,
1289 1585 1480 1648 periclis

363 1653 531 1700 servati
559 1653 760 1700 facimus
787 1653 1076 1716 meritosque
1103 1669 1330 1699 novamus
1354 1654 1572 1698 honores.

363 1720 458 1767 iam
484 1720 694 1782 primum
720 1720 840 1766 saxis
868 1736 1141 1782 suspensam
1167 1720 1292 1765 hanc
1319 1718 1473 1780 aspice
1500 1734 1685 1780 rupem,
1738 1742 1798 1773 190

363 1787 590 1834 disiectae
614 1787 783 1849 procul
811 1799 863 1834 ut
889 1786 1053 1842 moles,
1077 1786 1355 1848 desertaque
1380 1784 1558 1830 montis

364 1867 455 1900 stat
481 1854 663 1912 domus,
691 1866 739 1900 et
765 1852 945 1915 scopuli
974 1852 1219 1913 ingentem
1248 1865 1430 1898 traxere
1456 1851 1659 1898 ruinam.

364 1921 441 1966 hic
469 1921 698 1982 spelunca
725 1920 832 1977 fuit,
860 1932 991 1965 vasto
1018 1919 1233 1965 submota
1259 1935 1459 1975 recessu,

365 1986 691 2034 semihominis
719 1986 835 2034 Caci
865 1986 1008 2032 facies
1035 2003 1176 2048 quam
1202 1985 1301 2031 dira
1329 1985 1537 2042 tenebat,

365 2054 471 2099 solis
498 2053 790 2100 inaccessam
817 2052 989 2109 radiis3
1026 2069 1303 2115 semperque
1329 2051 1511 2098 recenti

365 2120 510 2167 caede
537 2121 731 2183 tepebat
759 2121 945 2177 humUS‚
975 2119 1248 2181 foribusque
1274 2118 1426 2164 adfixa
1452 2117 1665 2181 superbis

364 2204 443 2233 ora
468 2187 622 2235 virum
651 2187 771 2234 tristi
800 2186 1080 2249 pendebant
1104 2185 1282 2249 pallida
1309 2185 1432 2232 tabo.

364 2253 473 2299 huic
501 2267 713 2300 monstro
741 2254 989 2300 Vulcanus
1017 2266 1115 2300 erat
1139 2266 1302 2315 pater;
1339 2251 1465 2298 illius
1491 2263 1613 2297 atros

364 2337 444 2365 ore
471 2337 664 2366 vomens
691 2321 822 2381 ignes
851 2337 1019 2380 magna
1044 2336 1091 2366 se
1117 2319 1245 2365 mole
1271 2318 1467 2365 ferebat.

365 2386 526 2432 attulit
552 2400 599 2433 et
626 2387 762 2432 nobis
791 2386 1047 2449 aliquando
1073 2384 1347 2447 optantibus
1374 2396 1498 2430 aetas
1736 2407 1798 2429 200

365 2452 595 2499 auxilium
622 2453 980 2515 adventumque
1005 2451 1098 2498 dei.
1170 2468 1281 2497 nam
1306 2450 1535 2496 maximus
1562 2451 1701 2508 ultor,

366 2519 614 2579 tergemini
644 2535 762 2565 nece
791 2519 1043 2580 Geryonae
1069 2518 1324 2580 spoliisque
1351 2517 1592 2579 superbus,

365 2585 554 2632 Alcides
581 2585 757 2643 aderat,
784 2598 1036 2647 taurosque
1061 2586 1146 2631 hac
1171 2584 1323 2631 victor
1347 2584 1512 2644 agebat

367 2652 600 2713 ingentes,
628 2652 899 2715 vallemque
926 2652 1068 2698 boves
1094 2668 1378 2714 amnemque
1405 2651 1652 2698 tenebant.

927 2744 999 2783 194
1029 2732 1187 2781 tegebat.
