1866 3208
762 949 966 996 LIBER
1003 949 1348 997 SEPTIMUS

376 1094 461 1141 Tu
485 1110 675 1157 quoque
701 1093 919 1141 litoribus
945 1094 1130 1152 nostris,
1156 1095 1337 1141 Aene‘i‘a
1364 1093 1540 1151 nutrix,

374 1175 616 1208 aeternam
643 1160 851 1207 moriens
878 1160 1069 1219 famam,
1096 1161 1281 1219 Caieta,
1307 1160 1480 1207 dedisti
1504 1181 1518 1216 ;

377 1241 423 1275 et
448 1244 577 1274 nunc
605 1240 757 1273 servat
782 1228 933 1273 honos
959 1227 1119 1274 sedem
1145 1240 1267 1285 tuus,
1294 1244 1488 1289 ossaque
1514 1243 1691 1274 nomen

376 1293 610 1356 Hesperia
637 1293 686 1339 in
714 1310 896 1354 magna,
923 1293 958 1339 si
985 1311 1075 1356 qua
1102 1307 1170 1340 est
1197 1310 1249 1340 ea
1275 1293 1437 1354 gloria,
1465 1290 1630 1354 signat.

375 1374 420 1407 at
444 1361 548 1423 pius
576 1360 808 1423 exsequiis
834 1361 1022 1407 Aeneas
1046 1359 1135 1406 rite
1162 1360 1342 1417 solutis,

375 1443 540 1489 aggere
565 1426 830 1490 composito
857 1426 1044 1484 tumuli,
1071 1439 1320 1489 postquam
1346 1425 1440 1472 alta
1466 1425 1691 1488 quierunt

374 1511 591 1557 aequora,
620 1493 776 1540 tendit
801 1494 892 1540 iter
917 1493 1034 1540 velis
1060 1506 1350 1556 portumque
1374 1492 1621 1556 relinquit.

374 1561 614 1623 adspirant
639 1577 777 1607 aurae
802 1560 851 1606 in
881 1573 1089 1618 noctem,
1118 1577 1206 1606 nec
1234 1559 1437 1606 candida
1462 1576 1631 1621 cursus,

375 1628 488 1674 luna
512 1640 667 1688 negat,
696 1627 916 1689 splendet
943 1627 1147 1673 tremulo
1175 1627 1258 1673 sub
1283 1626 1468 1673 lumine
1493 1638 1681 1689 pontuS.

373 1694 589 1756 proxima
617 1693 845 1740 Circaeae
871 1694 1103 1740 raduntur
1129 1693 1265 1740 litora
1291 1706 1459 1750 terrae,
1763 1717 1802 1740 10

374 1760 504 1807 dives
530 1760 790 1807 inaccessos
815 1760 896 1806 ubi
926 1759 1046 1806 Solis
1072 1759 1168 1806 filia
1195 1760 1324 1806 lucos

375 1826 571 1873 adsiduo
596 1840 784 1873 resonat
811 1840 970 1884 cantu,
1002 1826 1235 1889 tectisque
1261 1826 1474 1889 superbis

375 1893 468 1939 urit
492 1893 735 1940 odoratam
760 1906 992 1939 nocturna
1021 1893 1069 1938 in
1097 1892 1278 1939 lumina
1304 1894 1515 1951 cedrum,

375 1972 538 2020 arguto
566 1972 731 2006 tenues
757 1976 1038 2022 percurrens
1064 1959 1258 2021 pectine
1287 1960 1419 2006 telas.

374 2026 488 2072 hinc
517 2026 725 2072 exaudiri
753 2026 954 2086 gemitus
981 2026 1172 2088 iraeque
1198 2026 1410 2084 leonum,

375 2093 534 2138 vincla
560 2105 863 2138 recusantum
893 2105 940 2139 et
966 2109 1066 2139 sera
1092 2092 1174 2138 sub
1201 2105 1343 2139 nocte
1369 2093 1643 2150 rudentum,

376 2159 686 2222 saetigerique
712 2175 814 2205 sues
842 2172 984 2222 atque
1011 2159 1061 2205 in
1087 2159 1388 2222 praesepibus
1415 2159 1506 2205 ursi

376 2226 567 2283 saevire,
596 2242 647 2272 ac
676 2226 852 2272 formae
881 2242 1156 2287 magnorum
1183 2226 1366 2272 ululare
1393 2226 1629 2287 luporum,

376 2308 492 2354 quos
516 2293 768 2338 hominum
797 2309 853 2338 ex
882 2293 1004 2339 facie
1031 2292 1118 2338 dea
1143 2309 1277 2338 saeva
1300 2291 1578 2354 potentibus
1602 2291 1762 2338 herbis

375 2358 596 2404 induerat
624 2359 766 2405 Circe
792 2358 842 2404 in
870 2359 1025 2404 vultus
1051 2375 1103 2404 ac
1131 2371 1256 2418 terga
1286 2359 1508 2404 ferarum.
1762 2382 1802 2404 κο

376 2441 496 2487 quae
523 2441 583 2470 ne
609 2437 818 2470 monstra
843 2424 909 2487 pii
940 2438 1218 2486 paterentur
1245 2423 1355 2470 talia
1382 2423 1533 2470 Troes

376 2491 522 2537 delati
548 2490 598 2536 in
624 2503 802 2553 portus,
830 2507 922 2537 neu
951 2491 1087 2536 litora
1111 2491 1212 2536 dira
1237 2490 1465 2548 subirent,

377 2558 635 2620 Neptunus
660 2556 816 2603 ventis
841 2556 1045 2619 inplevit
1069 2557 1174 2603 vela
1201 2557 1432 2614 secundis,

377 2636 517 2686 atque
543 2624 702 2684 fugam
727 2622 876 2680 dedit,
903 2636 948 2669 et
972 2636 1157 2685 praeter
1180 2624 1296 2669 vada
1323 2623 1504 2670 fervida
1531 2623 1675 2671 vexit.

445 2690 631 2752 iamque
656 2690 935 2736 rubescebat
959 2689 1099 2735 radiis
1125 2707 1267 2747 mare,
1297 2703 1343 2736 et
1369 2692 1560 2737 aethere
1586 2691 1644 2738 ab
1669 2690 1767 2737 alto

640 2779 667 2815 4
694 2767 858 2815 signant.
973 2778 1015 2816 13
1047 2773 1236 2804 nocturno
1256 2767 1295 2804 in
1317 2767 1476 2805 lumine.
