1866 3208
537 277 815 315 AENEmos
845 276 1062 315 LIB.V11
1471 288 1546 325 243

118 386 303 433 lumine
330 387 562 432 fumantes
590 383 693 428 fixit
719 383 803 429 sub
827 398 1020 445 pectore
1047 383 1219 430 taedas,

118 453 202 500 olli
230 468 448 499 somnum
471 451 639 511 ingens
666 450 848 512 rumpit
871 468 1030 512 pavor,
1057 467 1250 513 ossaque
1279 462 1326 496 et
1352 463 1477 496 artus

119 519 363 582 perfundit
389 530 489 564 toto
512 529 762 580 proruptus
789 534 985 579 corpore
1011 518 1167 565 sudor.

121 604 247 634 arma
273 602 433 632 amens
460 585 634 640 fremit,
658 601 785 629 arma
812 597 912 630 toro
939 585 1173 648 tectisque
1197 584 1411 647 requirit.
1491 598 1553 638 460

119 653 264 700 saevit
290 670 420 699 amor
445 651 554 698 ferri
583 665 629 698 et
654 652 879 697 scelerata
905 651 1084 697 insania
1109 652 1240 709 belli,

119 721 185 766 ira
211 737 378 782 super:
416 736 586 780 magno
610 717 757 764 veluti
785 735 896 764 cum
923 718 1111 764 flamma
1138 736 1306 766 sonore

119 787 275 848 virgea
302 786 565 848 suggeritur
590 785 730 832 costis
755 786 981 832 undantis
1008 785 1129 844 aeni,

121 855 457 917 exsultantque
483 866 613 900 aestu
640 853 803 899 latices
826 873 840 910 ;
877 852 990 899 furit
1017 852 1142 898 intus
1170 852 1307 916 aquai

120 921 330 968 fumidus
357 935 498 984 atque
525 921 620 967 alte
646 919 822 982 spumis
850 920 1077 966 exuberat
1103 920 1255 965 amnis
1281 940 1295 974 3

122 1006 211 1035 nec
239 988 334 1035 iam
360 1005 408 1034 se
436 988 564 1050 capit
590 987 717 1033 unda
742 1008 754 1043 3
791 988 922 1033 volat
948 1004 1094 1049 vapor
1121 1001 1218 1033 ater
1245 987 1302 1033 ad
1329 1004 1476 1032 auras.

123 1073 231 1116 ergo
257 1055 348 1101 iter
374 1055 432 1101 ad
456 1072 613 1115 regem
639 1055 823 1117 polluta
849 1072 967 1117 pace
994 1054 1223 1101 Latinum

121 1122 295 1169 indicit
320 1122 483 1184 primis
510 1122 755 1179 iuvenum,
785 1135 831 1168 et
857 1122 989 1168 iubet
1015 1139 1143 1168 arma
1168 1120 1337 1183 parari,

122 1190 265 1236 tutari
293 1189 499 1247 Italiam,
527 1189 781 1235 detrudere
808 1189 982 1235 finibus
1007 1190 1192 1234 hostem
1214 1209 1229 1245 3

90 1288 97 1293 «
121 1275 168 1303 56
195 1256 302 1302 satis
329 1257 557 1302 ambobus
586 1256 884 1319 Teucrisque
911 1255 1075 1301 venire
1102 1255 1400 1317 Latinisque.
1495 1279 1557 1307 470

122 1325 236 1370 haec
264 1324 344 1370 ubi
372 1323 500 1370 dicta
527 1324 662 1369 dedit
687 1324 916 1386 divosque
942 1323 993 1369 in
1019 1335 1129 1368 vota
1153 1321 1357 1379 vocavit,

123 1391 341 1438 certatim
368 1408 465 1437 sese
494 1391 662 1437 Rutuli
691 1392 1006 1436 exhortantur
1031 1389 1082 1435 in
1109 1407 1234 1435 arma
1260 1408 1270 1435 :

122 1460 253 1504 hunc
280 1458 421 1504 decus
448 1458 687 1518 egregium
715 1458 894 1503 formae
921 1470 1082 1503 movet
1109 1471 1249 1519 atque
1275 1456 1516 1512 iuventae,

121 1526 252 1571 hunc
280 1524 403 1570 atavi
430 1542 573 1585 reges,
601 1526 731 1571 hunc
758 1524 893 1570 claris
921 1524 1116 1570 dextera
1144 1523 1296 1570 factis.

190 1592 305 1637 dum
333 1591 530 1637 Turnus
559 1592 764 1637 Rutulos
792 1591 961 1637 animis
989 1590 1243 1637 audacibus
1270 1590 1441 1652 inplet,

122 1659 317 1705 Allecto
343 1658 393 1704 in
421 1659 639 1704 Teucros
668 1658 838 1720 Stygiis
867 1676 914 1704 se
940 1658 1152 1704 concitat
1178 1657 1277 1714 alis,

124 1739 222 1772 arte
250 1743 372 1771 nova
399 1726 642 1787 speculata
669 1725 845 1782 locum,
873 1742 967 1788 quo
993 1725 1134 1770 litore
1159 1724 1366 1786 pulcher

123 1793 304 1839 insidiis
331 1809 568 1855 cursuque
594 1792 715 1838 feras
743 1791 947 1852 agitabat
974 1792 1121 1838 Iulus.

122 1860 200 1907 hic
228 1860 434 1906 subitam
462 1859 659 1905 canibus
686 1859 865 1905 rabiem
893 1858 1097 1920 Cocytia
1121 1858 1251 1919 virgo

122 1926 285 1985 obicit,
314 1939 360 1973 et
387 1940 502 1973 noto
530 1943 664 1973 nares
692 1925 931 1987 contingit
956 1926 1117 1984 odore,
1498 1939 1559 1977 480

123 2007 176 2041 ut
201 2011 396 2041 cervum
423 1994 639 2040 ardentes
666 2007 861 2055 agerent
886 2012 896 2040 ;
934 2010 1055 2056 quae
1080 1994 1234 2056 prima
1259 1993 1477 2039 laborum

123 2078 262 2108 causa
288 2061 395 2119 fuit,
423 2061 653 2124 belloque
679 2061 861 2107 animos
889 2061 1111 2107 accendit
1137 2073 1354 2121 agresteS.

123 2146 288 2175 cervus
317 2141 415 2175 erat
441 2129 593 2174 forma
619 2128 878 2190 praestanti
907 2142 954 2174 et
979 2127 1202 2174 cornibus
1231 2127 1414 2187 ingens,

124 2195 395 2258 Tyrrhidae
421 2195 556 2257 pueri
584 2213 728 2258 quem
754 2195 916 2241 matris
944 2195 1000 2240 ab
1028 2195 1171 2240 ubere
1196 2206 1385 2255 raptum

124 2263 374 2309 nutribant
400 2262 745 2325 Tyrrheusque
769 2276 920 2325 pater,
949 2261 1025 2307 cui
1053 2261 1179 2322 regia
1202 2273 1374 2323 parent

125 2343 352 2388 armenta,
382 2343 429 2376 et
456 2329 538 2375 lati
567 2329 780 2376 custodia
807 2329 986 2375 credita
1013 2328 1185 2391 campi.

126 2397 375 2443 adsuetum
402 2397 613 2459 imperiis
641 2414 768 2443 soror
793 2396 925 2443 omni
955 2396 1098 2443 Silvia
1123 2413 1234 2442 cura

126 2463 349 2510 mollibus
375 2463 597 2510 intexens
625 2465 825 2510 ornabat
851 2481 1029 2510 cornua
1056 2463 1204 2521 sertis,

126 2530 445 2593 pectebatque
472 2532 644 2589 ferum,
670 2548 888 2594 puroque
914 2530 965 2576 in
992 2531 1128 2577 fonte
1154 2531 1357 2576 lavabat.

127 2596 225 2653 ille,
253 2613 448 2643 manum
473 2598 657 2659 patiens
684 2615 974 2661 mensaeque
1001 2598 1221 2644 adsuetus
1247 2596 1406 2654 herili,
1499 2617 1561 2648 490

129 2663 311 2708 errabat
336 2662 464 2708 silvis
491 2682 744 2728 rursusque
772 2665 830 2711 ad
857 2665 1024 2711 limina
1051 2678 1162 2711 nota

128 2729 229 2791 ipse
255 2729 451 2775 domum
477 2747 576 2776 sera
603 2731 816 2793 quamvis
845 2748 892 2777 se
918 2744 1061 2777 nocte
1088 2731 1287 2776 ferebat.

97 2816 175 2856 459
205 2806 380 2854 perfudit.
491 2806 570 2854 464
598 2821 712 2856 aquae
742 2808 809 2845 vis.
921 2807 996 2856 485
1029 2807 1216 2857 Tyrrhus,
1326 2805 1404 2853 485
1436 2807 1522 2842 late.
