1866 3208
235 220 280 259 Ρ.
310 220 550 259 VERG1L1
579 219 840 256 MARONIS
870 219 1148 256 AENEIDos
1177 221 1282 258 ΜΒ.
1314 222 1396 258 xn
1485 233 1558 272 351

128 343 218 374 nec
243 343 391 388 genus
417 326 678 373 indecores.
749 324 850 370 sine
871 341 947 371 me
973 325 1090 371 haec
1117 326 1246 372 haud
1271 327 1437 373 mollia
1460 329 1560 375 fatu

129 394 322 440 sublatis
349 392 528 454 aperire
553 390 672 438 dolis
695 411 709 448 3
747 391 886 437 simul
913 392 1003 438 hoc
1033 392 1193 438 animo
1218 393 1354 439 hauri
1379 412 1390 440 :

128 478 205 507 me
231 473 388 506 natam
414 457 539 504 nulli
564 471 776 504 veterum
804 458 979 504 sociare
1004 476 1261 522 procorum

128 528 195 573 fas
220 539 331 583 erat,
359 524 503 587 idque
530 541 696 571 omnes
723 525 917 589 divique
943 526 1261 601 hominesque
1287 528 1540 576 canebant.

125 594 277 640 victus
304 608 464 637 amore
492 591 576 648 tui,
606 606 808 653 cognato
836 592 1068 654 sanguine
1092 593 1262 652 victus,

127 658 341 721 coniugis
369 672 415 705 et
441 671 643 705 maestae
672 659 891 717 lacrimis,
919 660 1079 706 vincla
1105 662 1266 707 omnia
1291 662 1395 736 rupi
1422 682 1431 709 :
1526 689 1567 717 30
1620 668 1623 670 ’

124 726 402 790 promissam
429 726 579 790 eripui
605 743 817 787 genero·
803 761 819 782 ,
857 744 987 773 arma
1010 727 1142 790 inpia
1167 729 1359 790 sumpsi.

128 811 183 840 ex
209 793 295 840 illo
322 794 403 856 qui
430 811 505 840 me
533 809 677 851 casus,
707 811 845 868 quae,
873 794 1058 851 Turne,
1084 808 1340 857 sequantur

125 861 265 918 bella,
292 860 438 917 vides,
465 874 666 922 quantos
691 861 872 935 primus
898 861 1079 923 patiare
1105 862 1303 909 labores.

125 927 194 974 bis
221 945 389 988 magna
414 927 529 973 victi
555 944 715 989 pugna
738 927 817 974 vix
844 929 962 974 urbe
989 941 1180 974 tuemur

126 1012 229 1056 spes
256 995 434 1040 Italas·
422 1014 435 1049 ;
472 995 685 1041 recalent
712 1009 873 1041 nostro
901 994 1132 1042 Tiberina
1157 995 1339 1042 fluenta

126 1062 353 1122 sanguine
380 1062 550 1118 adhuc,
581 1062 832 1125 campique
858 1062 1075 1123 ingentes
1101 1063 1280 1110 ossibus
1308 1064 1488 1111 albent.

124 1146 219 1191 quo
245 1129 425 1175 referor
452 1128 626 1175 totiens
649 1132 665 1174 ?
704 1146 826 1192 quae
852 1143 1068 1176 mentem
1094 1130 1275 1176 insania
1302 1135 1492 1178 mutat?

124 1195 161 1241 si
189 1195 361 1242 Turno
388 1196 627 1242 exstincto
655 1196 804 1243 socios
832 1213 936 1243 sum
964 1197 1141 1244 adscire
1165 1210 1372 1260 paratus,

123 1279 208 1309 cur
233 1279 331 1308 non
357 1263 593 1309 incolumi
619 1264 778 1325 potius
806 1264 1069 1310 certamina
1095 1265 1250 1310 tollo?

124 1330 240 1392 quid
266 1330 607 1392 consanguinei
637 1331 824 1387 Rutuli,
853 1331 969 1394 quid
996 1345 1150 1378 cetera
1175 1331 1305 1378 dicet
1523 1359 1565 1387 40

125 1397 278 1453 Italia,
306 1398 365 1443 ad
391 1411 593 1444 mortem
621 1398 655 1443 si
685 1398 894 1444 te—fors
921 1398 1049 1445 dicta
1074 1399 1250 1445 refutet
1275 1399 1357 1446 l—

123 1463 428 1525 prodiderim,
456 1479 615 1511 natam
645 1478 691 1511 et
719 1465 925 1512 conubia
950 1479 1106 1512 nostra
1127 1470 1415 1529 petentem?

123 1531 302 1593 respice
328 1549 399 1577 res
427 1532 557 1577 bello
583 1532 729 1578 varias
753 1552 766 1586 3
804 1532 1021 1579 miserere
1045 1533 1256 1596 parentis

124 1598 356 1658 longaevi,
383 1615 526 1661 quem
556 1616 685 1645 nunc
714 1613 947 1645 maestum
970 1600 1122 1662 patria
1147 1600 1304 1646 Ardea
1331 1601 1471 1660 longe

123 1664 324 1711 dividit.’
395 1666 764 1729 haudquaquam
792 1666 930 1712 dictis
955 1666 1184 1713 violentia
1212 1666 1370 1712 Turni

123 1730 368 1789 flectitur3
408 1747 658 1794 exsuperat
685 1732 830 1792 magis
857 1733 1180 1796 aegrescitque
1205 1734 1459 1781 medendo.

124 1811 177 1844 ut
201 1798 409 1860 primum
438 1800 524 1844 fari
552 1799 722 1861 potuit,
753 1799 817 1845 sic
845 1799 1020 1846 institit
1046 1817 1123 1846 ore
1149 1819 1160 1847 ε

122 1882 265 1928 quam
289 1883 374 1928 pro
401 1883 476 1912 me
515 1882 676 1912 curam
715 1866 851 1927 geris,
875 1868 1000 1913 hanc
1037 1884 1216 1930 precor,
1253 1868 1452 1931 optime,
1477 1886 1561 1931 pro

257 1949 334 1979 me

123 1999 346 2061 deponas,
374 2000 622 2063 letumque
650 2001 772 2047 sinas
798 2018 884 2064 pro
910 2002 1052 2048 laude
1079 2002 1272 2064 pacisci.

125 2079 171 2112 et
197 2083 280 2112 nos
308 2067 418 2124 tela,
445 2080 592 2129 pater,
621 2068 896 2131 ferrumque
922 2069 1051 2114 haud
1075 2069 1233 2115 debile
1260 2069 1423 2115 dextra
1521 2094 1561 2123 50

122 2133 378 2195 spargimus
400 2153 416 2187 ;
453 2147 500 2180 et
526 2148 685 2180 nostro
713 2135 926 2198 sequitur
953 2136 1012 2182 de
1036 2136 1237 2182 vulnere
1265 2136 1467 2196 sanguis.

122 2200 265 2260 longe
290 2200 361 2246 illi
389 2200 474 2246 dea
501 2215 650 2247 mater
676 2201 779 2257 erit,
809 2219 929 2265 quae
956 2203 1083 2249 nube
1110 2203 1328 2263 fugacem

123 2267 332 2313 feminea
357 2280 501 2328 tegat,
530 2281 577 2314 et
601 2268 732 2315 vanis
761 2286 857 2316 sese
885 2271 1076 2316 occulat
1103 2268 1310 2317 umbris.’

190 2347 236 2380 at
260 2334 434 2396 regina,
463 2352 584 2381 nova
606 2352 794 2398 pugnae
823 2337 1080 2383 conterrita
1105 2351 1241 2394 sorte,

124 2399 283 2458 flebat,
309 2414 356 2448 et
381 2402 626 2448 ardentem
652 2419 879 2464 generum
907 2404 1137 2449 moritura
1166 2404 1395 2450 tenebat:

126 2466 311 2524 Turne,
335 2485 417 2531 per
441 2470 523 2515 has
553 2485 636 2530 ego
665 2483 710 2516 te
737 2470 967 2528 lacrimas,
997 2488 1079 2533 per
1105 2471 1139 2517 si
1167 2471 1270 2534 quis
1295 2472 1496 2518 Amatae

125 2533 276 2593 tangit
300 2535 450 2582 honos
477 2535 690 2583 animum
696 2554 879 2600 ‚—spes
907 2551 958 2584 tu
986 2554 1116 2584 nunc
1145 2555 1252 2595 una,
1280 2551 1500 2585 senectae

126 2612 177 2645 tu
202 2600 387 2662 requies
412 2602 643 2676 miserae·
632 2641 645 2660 ‚
683 2604 866 2651 decus
855 2604 1205 2667 lmperiumque
1232 2605 1393 2651 Latini

126 2678 173 2713 te
196 2683 377 2729 pene53
413 2667 462 2713 in
490 2682 535 2716 te
562 2671 716 2717 omnis
743 2671 910 2718 domus
937 2671 1169 2719 inclinata
1191 2671 1501 2718 recumbit-—

693 2760 738 2799 33
772 2750 920 2798 patiere.
