1861 3256
306 248 380 286 130
763 233 806 272 P.
835 231 1069 270 VERGILI
1099 232 1357 271 MARONIS

377 341 635 405 porticibus
657 340 809 399 longis
834 339 969 400 fugit,
994 353 1042 387 et
1065 358 1211 388 vacua
1234 340 1347 387 atria
1372 341 1536 387 lustrat

378 408 575 455 saucius.
645 407 783 452 illum
808 406 973 453 ardens
997 407 1166 454 infesto
1191 409 1386 453 vulnere
1415 407 1618 467 Pyrrhus
1743 431 1803 463 529

377 473 653 535 insequitur,
680 472 772 518 iam
798 472 981 535 iamque
1007 490 1148 520 manu
1175 487 1302 520 tenet
1327 486 1373 519 et
1396 472 1567 534 premit
1592 474 1735 521 hasta.

379 553 431 587 ut
456 538 647 585 tandem
672 551 780 584 ante
805 539 963 585 oculos
989 539 1130 586 evasit
1154 553 1200 587 et
1225 557 1302 586 ora
1326 552 1589 600 parentum,

382 604 601 661 concidit,
629 620 680 650 ac
706 605 857 651 multo
881 605 1024 652 vitam
1049 623 1159 653 cum
1184 605 1406 665 sanguine
1433 605 1569 651 fudit.

377 671 454 717 hic
483 670 706 727 Priamus,
734 688 1015 736 quamquam
1040 672 1088 718 in
1114 673 1268 719 media
1291 672 1382 717 iam
1408 685 1557 717 morte
1584 684 1785 729 tenetur,

379 754 474 783 non
501 750 658 783 tamen
685 737 922 795 abstinuit,
947 755 1035 785 nec
1062 739 1165 785 voci
1191 739 1375 800 iraeque
1400 737 1626 799 pepercit.

347 809 362 831 ‘
380 818 424 850 at
449 803 534 850 tibi
561 821 644 865 pro
668 803 872 861 scelere,'
897 805 1182 861 exclamat,‘
1199 822 1281 867 pro
1307 804 1474 850 talibus
1500 804 1630 860 ausis,

379 870 441 926 di,
468 870 502 915 si
530 887 621 933 qua
644 884 712 917 est
737 871 867 917 caelo
891 871 1050 934 pietas,
1076 888 1193 936 quae
1220 871 1326 917 talia
1352 883 1500 926 curet,

380 936 649 999 persolvant
673 950 819 998 grates
843 937 1016 998 dignaS,
1045 951 1090 984 et
1114 937 1319 1000 praemia
1343 937 1539 983 reddant

380 1003 551 1060 debita,
576 1002 656 1065 qui
683 1003 778 1049 nati
804 1020 958 1050 coram
984 1021 1058 1051 me
1085 1021 1275 1051 cernere
1302 1004 1450 1050 letum

380 1069 550 1126 fecisti,
576 1083 621 1115 et
646 1068 814 1130 patrios
841 1070 1031 1117 foedasti
1058 1070 1220 1117 funere
1246 1071 1417 1117 vultus.

381 1148 425 1182 at
451 1153 544 1182 non
570 1135 666 1191 ille,
695 1148 843 1182 satum
869 1154 961 1198 quo
986 1150 1030 1183 te
1055 1137 1277 1192 mentiris,
1303 1137 1514 1183 Achilles
1748 1160 1810 1190 540

381 1202 483 1248 talis
508 1202 557 1248 in
583 1204 713 1248 hoste
739 1202 828 1248 fuit
856 1202 1036 1249 Priamo
1059 1223 1072 1259 3
1109 1203 1188 1249 sed
1211 1203 1310 1248 iura
1334 1203 1568 1265 fidemque

381 1268 603 1331 supplicis
629 1268 830 1325 erubuit,
856 1285 1114 1332 corpusque
1140 1285 1373 1329 exsangue
1399 1270 1652 1331 sepulchro

381 1334 582 1381 reddidit
608 1335 918 1390 Hectoreum,
947 1352 1114 1398 meque
1140 1335 1189 1380 in
1216 1352 1319 1380 mea
1343 1351 1484 1396 regna
1509 1333 1715 1381 remisit.'

381 1401 444 1447 sic
472 1401 589 1447 fatus
614 1400 780 1457 senior,
809 1402 1050 1464 telumque
1075 1401 1252 1447 inbelle
1279 1401 1376 1447 sine
1402 1401 1500 1447 ictu

383 1468 605 1524 coniecit,
630 1484 770 1514 rauco
795 1468 920 1531 quod
943 1468 1155 1530 protinus
1181 1484 1283 1513 aere
1308 1468 1564 1530 repulsum,

382 1547 428 1581 et
453 1551 636 1581 summo
661 1534 802 1597 clipei
829 1535 1115 1597 nequiquam
1142 1534 1347 1580 umbone
1370 1534 1611 1596 pependit.

383 1601 458 1648 cui
488 1602 689 1663 Pyrrhus
714 1620 724 1648 :
765 1602 962 1648 ‘referes
988 1617 1096 1661 ergo
1121 1602 1253 1657 haec,
1279 1614 1323 1647 et
1348 1600 1542 1647 nuntius
1567 1599 1653 1646 ibis

384 1667 570 1714 Pelidae
595 1668 795 1728 genitori
819 1688 833 1724 ;
869 1668 938 1714 illi
965 1684 1068 1713 mea
1094 1667 1237 1713 tristia
1262 1668 1382 1713 facta

381 1734 754 1797 degeneremque
781 1734 1153 1796 Neoptolemum
1179 1750 1360 1779 narrare
1386 1746 1641 1779 memento.

382 1817 511 1847 nunc
569 1799 781 1847 morere!
866 1802 955 1847 hoc
1011 1800 1189 1857 dicens,
1236 1799 1393 1845 altaria
1451 1799 1508 1845 ad
1566 1799 1662 1861 ipsa
1719 1812 1809 1845 tre-

516 1881 726 1914 mentem
1750 1890 1812 1918 550

383 1933 523 1980 traxit
549 1947 595 1980 et
619 1934 668 1980 in
695 1934 845 1980 multo
869 1933 1128 1996 lapsantem
1154 1932 1376 1993 sanguine
1402 1932 1513 1987 nati,

382 2000 696 2062 inplicuitque
722 2017 905 2046 comam
932 2001 1076 2056 laeva,
1101 2000 1352 2060 dextraque
1380 2015 1626 2044 coruscum

382 2067 552 2113 extulit
577 2083 627 2112 ac
656 2066 785 2112 lateri
812 2066 981 2128 capulo
1005 2079 1140 2112 tenus
1167 2065 1341 2111 abdidit
1368 2081 1542 2111 ensem.

383 2134 495 2179 haec
524 2133 627 2179 finis
656 2133 826 2179 Priami
854 2133 1054 2179 fatorum
1077 2152 1090 2188 ;
1125 2132 1204 2178 hic
1231 2132 1381 2178 exitus
1409 2131 1547 2177 illum

382 2213 502 2246 sorte
529 2200 652 2256 tulit,
681 2199 876 2246 Troiam
902 2199 1144 2245 incensam
1171 2212 1217 2245 et
1240 2199 1452 2260 prolapsa
1476 2197 1714 2242 videntem

385 2266 621 2326 Pergama,
650 2279 718 2314 tot
744 2266 979 2328 quondam
1004 2265 1190 2328 populis
1216 2264 1441 2326 terrisque
1466 2263 1719 2325 superbum

383 2346 673 2391 regnatorem
699 2333 853 2380 Asiae.
923 2333 1044 2378 iacet
1069 2332 1232 2392 ingens
1259 2331 1395 2376 litore
1421 2342 1629 2385 truncus,

384 2398 688 2460 avulsumque
715 2398 886 2445 umeris
912 2411 1065 2460 caput,
1093 2411 1139 2443 et
1163 2397 1262 2442 sine
1289 2395 1481 2442 nomine
1509 2412 1690 2457 corpus.

450 2476 494 2509 at
519 2480 594 2510 me
622 2479 721 2510 tum
748 2465 953 2525 primum
978 2480 1135 2509 saevus
1163 2461 1474 2508 circumstetit
1498 2463 1672 2508 horror.

384 2530 585 2591 obstipui
609 2550 623 2586 ;
658 2530 800 2576 subiit
826 2529 918 2576 cari
943 2529 1162 2589 genitoris
1189 2529 1354 2588 imago,
1750 2541 1811 2579 560

385 2610 435 2642 ut
460 2612 617 2656 regem
642 2612 929 2659 aequaevum
955 2595 1133 2641 crudeli
1159 2595 1353 2641 vulnere
1378 2594 1473 2640 vidi

384 2663 527 2709 vitam
554 2663 852 2709 exhalantem
874 2682 888 2718 ;
924 2661 1067 2708 subiit
1091 2662 1269 2708 deserta
1296 2661 1484 2718 Creusa,

386 2744 431 2777 et
455 2730 636 2792 direpta
659 2729 837 2784 domUS,
866 2742 911 2776 et
936 2728 1063 2791 parvi
1090 2745 1217 2775 casus
1243 2727 1352 2774 Iuli.
