1866 3208
246 187 322 237 360
690 186 736 226 P.
758 186 992 224 VERGILI
1023 187 1281 225 MARONIS

308 293 382 341 vel
409 295 624 341 conferre
650 308 845 338 manum
871 292 944 338 vel
972 308 1093 355 equo
1117 304 1408 354 praevertere
1433 306 1612 342 ventos

308 374 440 423 parte
464 360 554 406 alia
579 359 732 405 media
759 358 992 405 Eumedes
1016 359 1065 404 in
1090 359 1266 421 proelia
1291 359 1452 416 fertur,

308 427 491 489 antiqui
518 426 668 488 proles
693 425 820 471 bello
845 425 1077 487 praeclara
1101 425 1317 482 Dolonis,

309 494 504 540 nomine
529 507 668 538 avum
697 491 919 549 referens,
945 491 1102 537 animo
1132 491 1441 554 manibusque
1465 505 1726 555 parentem,

309 560 389 622 qui
417 559 670 622 quondam,
696 571 842 604 castra
868 571 920 604 ut
945 557 1164 605 Danaum
1190 558 1454 620 speculator
1477 559 1642 617 adiret,

308 643 443 672 ausus
471 625 659 671 Pelidae
684 624 892 687 pretium
917 624 1003 670 sibi
1029 641 1220 687 poscere
1246 641 1407 671 currus
1429 646 1442 682 ;
1668 650 1729 682 350

308 693 446 738 illum
472 691 686 753 Tydides
712 691 804 756 alio
827 708 912 753 pro
940 691 1109 738 talibus
1133 691 1252 738 ausis

307 758 484 805 adfecit
507 758 675 820 pretio,
702 774 790 804 nec
818 757 950 820 equis
972 758 1173 821 adspirat
1197 758 1416 806 Achillis.

307 827 437 871 hunc
462 825 627 887 procul
656 838 708 871 ut
732 841 899 886 campo
924 825 1118 871 Turnus
1144 825 1384 888 prospexit
1409 837 1583 887 aperto,

306 905 415 938 ante
440 891 531 937 levi
557 891 713 937 iaculo
738 891 932 951 longum
957 908 1040 953 per
1064 892 1204 938 inane
1231 904 1433 947 secutus,

307 958 426 1004 sistit
451 975 595 1020 equos
621 957 800 1018 biiuges
825 971 871 1003 et
896 974 1034 1004 curru
1060 959 1231 1015 desilit,
1258 971 1398 1020 atque

307 1024 570 1071 semianimi
598 1024 821 1086 lapsoque
847 1025 1131 1086 supervenit,
1158 1038 1220 1082 et,
1246 1025 1364 1087 pede
1391 1024 1513 1071 collo

307 1092 533 1154 inpresso,
557 1091 747 1137 dextrae
774 1107 1048 1136 mucronem
1075 1105 1322 1153 extorquet
1347 1104 1393 1137 et
1418 1091 1514 1137 alto

307 1158 570 1218 fulgentem
597 1157 771 1218 tinguit
797 1158 961 1218 iugulo
985 1170 1124 1220 atque
1150 1159 1263 1204 haec
1290 1158 1483 1219 insuper
1507 1156 1636 1204 addit
1660 1176 1669 1204 :

275 1231 287 1249 ‘
307 1240 382 1279 en,
409 1241 552 1285 agros,
580 1238 640 1282 et,
667 1240 808 1287 quam
836 1224 975 1281 be110‚
1002 1224 1229 1280 Troiane,
1254 1224 1428 1286 petisti,

307 1291 588 1353 Hesperiam
614 1291 780 1337 metire
807 1290 960 1336 iacens
986 1308 996 1336 :
1033 1291 1146 1337 haec
1172 1290 1393 1353 praemia,
1420 1290 1500 1353 qui
1529 1306 1604 1336 me
1668 1305 1729 1345 360

307 1358 428 1403 ferro
453 1357 548 1403 ausi
577 1370 823 1420 temptare,
848 1357 1008 1403 ferunt
1031 1377 1044 1414 ;
1080 1357 1144 1403 sic
1172 1357 1358 1403 moenia
1383 1355 1626 1404 condunt.’

305 1424 416 1471 huic
443 1424 667 1471 comitem
692 1424 903 1485 Asbyten
930 1424 1146 1470 coniecta
1171 1423 1364 1486 cuspide
1390 1423 1555 1480 mittit,

307 1490 608 1553 Chloreaque
635 1487 944 1553 Sybarimque
964 1490 1232 1553 Daretaque
1260 1490 1725 1553 Thersilochumque

306 1571 352 1604 et
377 1557 597 1604 sternacis
624 1557 732 1619 equi
761 1558 942 1618 lapsum
967 1557 1150 1603 cervice
1177 1557 1498 1618 Thymoeten.

303 1640 355 1670 ac
381 1624 511 1670 velut
537 1624 690 1670 Edoni
719 1623 896 1670 Boreae
922 1640 1031 1670 cum
1059 1624 1246 1686 spiritus
1271 1625 1366 1670 alto

303 1690 489 1736 insonat
513 1691 713 1750 Aegaeo,
740 1691 1047 1753 sequiturque
1076 1691 1134 1736 ad
1159 1691 1294 1736 litora
1319 1690 1490 1738 fluctus
1512 1710 1526 1744 ;

303 1774 394 1819 qua
417 1756 547 1802 venti
575 1756 850 1813 incubuere,
878 1757 1035 1816 fugam
1061 1757 1175 1802 dant
1201 1757 1364 1803 nubila
1389 1757 1519 1804 caelo
1545 1776 1554 1803 :

303 1823 367 1869 sic
395 1823 582 1880 Turno,
609 1839 908 1885 quacumque
934 1823 1055 1868 viam
1083 1836 1222 1879 secat,
1248 1823 1434 1884 agmina
1459 1824 1637 1870 cedunt

303 1905 649 1952 conversaeque
675 1902 822 1935 ruunt
846 1889 967 1935 acies
989 1910 1002 1945 3
1040 1890 1132 1936 fert
1158 1890 1361 1952 impetus
1386 1891 1557 1952 ipsum,

304 1969 351 2002 et
376 1956 564 2002 cristam
589 1955 778 2001 adverso
803 1972 943 2002 curru
969 1956 1121 2018 quatit
1146 1973 1253 2002 aura
1279 1957 1532 2003 volantem.
1667 1982 1728 2012 370

303 2039 401 2068 non
428 2022 540 2068 tulit
564 2022 818 2068 instantem
847 2022 1059 2082 Phegeus
1085 2023 1347 2085 animisque
1374 2024 1655 2071 frementem
1678 2043 1691 2078 ;

301 2088 477 2135 obiecit
502 2105 598 2135 sese
622 2088 680 2134 ad
705 2105 896 2134 currum
923 2101 969 2135 et
995 2089 1260 2151 spumantia
1286 2089 1428 2136 frenis

301 2172 380 2201 ora
405 2155 657 2201 citatorum
683 2155 845 2202 dextra
870 2155 1065 2202 detorsit
1091 2172 1335 2218 equorum.

301 2222 415 2267 dum
442 2223 640 2268 trahitur
664 2222 974 2284 pendetque
963 2222 1100 2283 lugiS,
1124 2224 1254 2268 hunc
1281 2223 1369 2269 lata
1395 2236 1627 2270 retectum

302 2288 464 2334 lancea
489 2289 810 2350 consequitur,
836 2288 1110 2351 rumpitque
1135 2288 1279 2334 infixa
1304 2289 1497 2335 bilicem

300 2354 510 2409 loricam,
540 2368 587 2400 et
613 2371 850 2400 summurn
875 2355 1087 2415 degustat
1110 2355 1305 2400 vulnere
1331 2371 1514 2416 corpus.

301 2420 385 2466 ille
412 2433 570 2466 tamen
597 2420 754 2482 clipeo
780 2420 966 2466 obiecto
991 2437 1239 2466 conversus
1265 2421 1314 2466 in
1340 2422 1523 2468 hostem

300 2486 412 2544 ibat,
441 2499 487 2532 et
512 2485 745 2531 auxilium
771 2486 914 2532 ducto
940 2503 1166 2532 mucrone
1190 2487 1381 2549 petebat
1404 2508 1417 2544 ;

300 2569 411 2601 cum
437 2565 535 2599 rota
560 2565 868 2614 praeclpltem
896 2565 942 2598 et
966 2569 1192 2614 procursu
1219 2567 1432 2600 concltus
1457 2554 1554 2601 axis

298 2619 478 2681 inpulit
505 2618 805 2681 effunditque
831 2619 943 2675 solo,
971 2619 1260 2682 Turnusque
1287 2634 1472 2667 secutus
1663 2635 1725 2675 380

825 2696 898 2746 356
928 2698 1133 2746 elapsoque.
