1866 3208
307 218 381 270 308
752 220 795 257 P.
825 219 1059 257 VERGILI
1089 219 1347 258 MARONIS

369 341 535 372 vocem
561 325 861 387 animamque
886 324 1003 386 rapit
1027 324 1218 372 traiecto
1243 338 1431 387 gutture
1452 343 1467 379 3
1503 338 1549 371 at
1573 324 1655 372 ille

369 392 523 438 fronte
548 391 655 437 ferit
680 404 862 445 terram,
890 404 936 437 et
961 408 1160 438 crassum
1187 391 1332 438 vomit
1357 407 1435 438 ore
1459 407 1691 439 cruorem.

368 471 458 504 tres
485 473 673 520 quoque
701 457 952 503 Threicios
979 457 1154 505 Boreae
1180 459 1238 504 de
1263 471 1402 518 gente
1429 474 1663 533 suprema,
1733 483 1795 514 350

370 537 415 570 et
441 537 546 580 treS,
571 540 686 586 quos
714 523 815 569 Idas
840 537 970 586 pater
996 538 1041 571 et
1064 525 1212 587 patria
1240 526 1416 570 Ismara
1440 524 1602 583 mittit,

367 607 452 652 per
475 589 625 636 varios
649 590 815 637 sternit
841 607 983 638 casus.
1054 592 1254 638 accurrit
1280 591 1525 648 Halaesus,

367 657 717 719 Auruncaeque
744 673 944 714 manus;
980 657 1104 704 subit
1130 671 1175 704 et
1201 657 1449 720 Neptunia
1473 658 1642 719 proles,

368 723 560 783 insignis
589 724 831 785 Messapus
859 724 1003 787 equis.
1073 724 1310 787 expellere
1334 724 1537 771 tendunt

368 806 496 835 nunc
523 789 586 845 hi,
617 807 742 836 nunc
771 790 841 836 illi
866 811 879 846 3
916 804 1118 837 certatur
1143 791 1307 838 limine
1334 790 1382 836 in
1409 789 1509 852 ipso

366 855 621 902 Ausoniae.
690 872 858 917 magno
882 857 1112 904 discordes
1139 859 1324 904 aethere
1349 857 1480 904 venti

366 922 543 985 proelia
570 939 656 969 ceu
684 923 859 970 tollunt
885 923 1049 970 animis
1076 938 1121 971 et
1144 924 1320 971 viribus
1346 924 1504 987 aequis
1527 945 1540 981 ;

367 1005 463 1034 non
491 989 576 1051 ipsi
602 989 724 1035 inter
749 1006 810 1046 se,
839 1007 934 1036 non
962 990 1141 1048 nubila,
1166 1008 1261 1037 non
1288 1008 1413 1037 mare
1440 991 1567 1037 cedit
1589 1010 1602 1044 ;

366 1073 538 1118 anceps
563 1071 720 1118 pugna
745 1056 824 1102 diu
850 1077 863 1113 ;
901 1070 1020 1103 stant
1046 1057 1219 1104 obnixa
1241 1058 1399 1104 omnia
1426 1070 1589 1103 contra
1613 1076 1622 1104 :

365 1123 490 1169 haud
515 1123 650 1169 aliter
676 1122 913 1170 Troianae
940 1123 1059 1170 acies
1084 1124 1295 1187 aciesque
1321 1124 1519 1170 Latinae
1732 1138 1794 1180 360

366 1203 690 1243 concurrunt3
728 1190 887 1236 haeret
914 1190 1034 1252 pede
1059 1207 1140 1253 pes
1164 1191 1428 1253 densusque
1455 1190 1555 1237 viro
1580 1190 1663 1238 vir.

432 1268 477 1302 at
503 1269 629 1318 parte
657 1273 712 1302 ex
740 1256 841 1311 alia,
871 1274 961 1319 qua
986 1274 1091 1303 saxa
1115 1257 1315 1304 rotantia
1339 1258 1432 1304 late

364 1322 601 1385 inpulerat
626 1336 804 1369 torrens
830 1323 1104 1386 arbustaque
1130 1324 1285 1369 diruta
1310 1323 1439 1385 ripis,

361 1389 579 1446 Arcada5‚
604 1389 810 1436 insuetos
838 1390 957 1436 acies
984 1390 1157 1436 inferre
1183 1390 1431 1452 pedestres,

363 1468 414 1502 ut
438 1456 556 1502 vidit
585 1456 732 1502 Pallas
760 1456 894 1502 Latio
921 1457 1028 1503 dare
1057 1470 1181 1518 terga
1206 1456 1461 1520 sequaci—

363 1539 518 1585 aspera
543 1523 646 1585 quis
671 1536 836 1569 natura
864 1523 954 1569 loci
981 1523 1218 1569 dimittere
1244 1523 1433 1586 quando

362 1589 502 1636 suasit
529 1607 890 1652 equos—unum
918 1591 1043 1652 quod
1070 1590 1204 1636 rebus
1229 1602 1367 1637 restat
1387 1589 1561 1651 egenis,

364 1673 491 1702 nunc
519 1673 672 1718 prece,
700 1673 828 1703 nunc
857 1657 994 1703 dictis
1020 1657 1244 1703 virtutem
1271 1657 1488 1703 accendit
1513 1656 1678 1703 amaris
1704 1675 1714 1703 t

328 1727 342 1747 ‘
361 1739 455 1785 quo
480 1723 656 1783 fugitis,
683 1723 792 1768 socii
816 1727 832 1768 ?
902 1740 984 1785 per
1009 1740 1088 1769 vos
1114 1736 1159 1769 et
1184 1723 1319 1769 fortia
1343 1724 1478 1779 facta,

361 1806 443 1851 per
468 1788 598 1835 ducis
626 1789 834 1835 Euandri
863 1806 1039 1835 nomen
1067 1789 1344 1852 devictaque
1371 1790 1510 1845 bella,
1726 1814 1789 1844 370

360 1872 585 1918 spemque
606 1872 776 1912 meam,
796 1855 973 1918 patriae
1002 1872 1119 1918 quae
1142 1873 1270 1902 nune
1292 1855 1416 1902 subit
1434 1856 1620 1902 aemula
1640 1856 1786 1914 laudi,

361 1922 489 1968 fidite
517 1938 575 1968 ne
601 1922 813 1984 pedibus.
888 1922 1006 1968 ferro
1033 1922 1291 1984 rumpenda
1315 1939 1398 1984 per
1422 1923 1574 1968 hostes

361 2001 428 2035 est
455 1989 544 2035 via.
616 2006 705 2051 qua
730 1989 894 2048 globus
921 1989 1000 2035 ille
1027 1989 1179 2035 virum
1205 1989 1502 2035 densissimus
1528 2002 1708 2050 urguet,

360 2057 444 2101 hac
473 2072 550 2101 vos
577 2068 622 2102 et
651 2055 861 2102 Pallanta
886 2055 1057 2101 ducem
1084 2055 1230 2117 patria
1254 2055 1344 2102 alta
1368 2055 1583 2118 reposcit.

360 2122 556 2168 numina
582 2122 713 2168 nulla
737 2136 960 2183 premunt
984 2141 998 2175 ;
1034 2121 1217 2168 mortali
1244 2138 1495 2182 urguemur
1519 2122 1575 2168 ab
1599 2124 1730 2169 hoste

359 2189 577 2235 mortales
600 2209 614 2245 ;
651 2189 848 2235 totidem
876 2189 1008 2234 nobis
1036 2188 1312 2252 animaeque
1338 2205 1610 2252 manusque.

359 2271 486 2312 ecce,
514 2255 651 2301 maris
677 2272 846 2316 magna
873 2255 1051 2302 claudit
1076 2273 1158 2302 nos
1185 2255 1319 2302 obice
1339 2269 1511 2318 pontus
1534 2276 1547 2311 ;

358 2321 487 2368 deest
512 2321 603 2367 iam
630 2335 747 2368 terra
776 2322 925 2382 fugae.
997 2322 1186 2383 pelagus
1212 2321 1471 2368 Troiamne
1497 2321 1764 2384 petemus?'

357 2388 472 2434 haec
499 2388 575 2443 ait,
602 2401 649 2434 et
674 2388 854 2434 medius
881 2388 1045 2433 densos
1069 2388 1332 2450 prorumpit
1358 2388 1406 2433 in
1433 2389 1600 2435 hostes.

357 2454 520 2500 obvius
546 2454 654 2500 huic
683 2454 902 2516 primum,
930 2454 1035 2500 fatis
1059 2454 1287 2500 adductus
1312 2454 1500 2517 iniquis,
1720 2469 1782 2510 380

359 2520 411 2567 fit
437 2521 624 2581 Lagus;
660 2522 809 2577 hunc,
835 2536 1003 2580 magno
1029 2520 1161 2567 vellit
1186 2520 1300 2567 dum
1324 2521 1531 2583 pondere
1557 2538 1735 2577 saxum,

358 2587 534 2634 intorto
560 2587 659 2648 figit
687 2587 799 2644 telo,
824 2586 1094 2633 discrimina
1121 2586 1259 2634 costis

357 2671 441 2717 per
464 2654 675 2701 medium
701 2671 792 2717 qua
817 2653 948 2716 spina
972 2654 1112 2701 dabat
1134 2674 1148 2710 ;
1184 2655 1455 2718 hastamque
1480 2667 1692 2718 receptat

882 2729 956 2779 378
999 2737 1181 2779 petamus.
