1866 3208
585 211 860 249 AENEIDOS
893 212 996 250 LIB.
1031 212 1115 250 XII
1527 218 1600 267 369

172 337 218 370 et
243 322 375 369 furiis
401 321 600 381 agitatus
627 336 758 365 amor
785 332 832 366 et
858 320 1048 366 conscia
1071 321 1236 369 virtus.

172 403 225 436 ut
249 389 457 452 primum
483 387 720 433 discussae
748 387 942 433 umbrae
969 401 1017 434 et
1043 389 1124 434 lux
1151 389 1337 436 reddita
1363 391 1533 448 menti,

171 456 386 502 ardentes
412 455 661 500 oculorum
689 454 823 500 orbes
851 454 910 500 ad
935 455 1124 501 moenia
1151 456 1286 502 torsit
1541 473 1602 512 670

171 522 404 578 turbidus,
431 538 551 584 eque
575 521 688 567 rotis
714 538 934 582 magnam
959 522 1167 584 respexit
1192 523 1250 569 ad
1275 525 1457 571 urbem.

171 605 280 636 ecce
307 602 480 645 autem,
509 588 709 635 flammis
735 588 861 634 inter
888 589 1094 635 tabulata
1117 591 1309 637 volutus

169 657 226 702 ad
251 656 438 702 caelum
467 655 677 701 undabat
702 670 867 702 vertex
895 656 1158 719 turrimque
1185 658 1395 716 tenebat,

167 723 352 780 turrim,
381 723 639 785 compactis
667 723 878 769 trabibus
904 741 1047 786 quam
1075 724 1303 771 eduxerat
1327 725 1427 787 ipse

167 790 534 852 subdideratque
560 804 679 836 rotas
705 804 973 853 pontesque
1000 790 1276 838 instraverat
1302 792 1435 839 altos.

167 857 259 903 iam
284 857 376 902 iam
404 857 512 914 fata,
540 875 681 914 soror,
709 871 932 919 superant
955 879 968 914 3
1006 858 1174 905 absiste
1201 859 1373 905 morari
1396 880 1410 916 3

166 941 261 987 quo
286 924 402 969 deus
430 938 476 970 et
501 942 595 986 quo
621 924 737 970 dura
761 938 898 970 vocat
925 925 1134 983 fortuna,
1163 943 1432 988 sequamur.

165 1004 256 1038 stat
272 991 488 1037 conferre
506 1008 702 1037 manum
718 992 926 1049 Aeneae,
949 1005 1052 1050 stat,
1075 993 1312 1055 quidquid
1337 994 1494 1040 acerbi
1517 1007 1600 1051 est,

164 1070 318 1104 morte
343 1058 439 1120 pati
463 1079 476 1114 ;
513 1075 669 1121 neque
695 1076 772 1104 me
799 1059 1096 1117 indecorem,
1120 1077 1356 1121 germana,
1385 1061 1566 1107 videbis

164 1125 381 1187 amplius,
452 1126 601 1182 hunc,
621 1143 717 1183 oro,
736 1126 836 1172 sine
856 1143 933 1172 me
955 1127 1112 1174 furere
1133 1141 1242 1174 ante
1263 1126 1504 1175 furorem.'
1541 1143 1603 1174 680

163 1191 298 1249 dixit,
327 1205 374 1238 et
400 1209 425 1237 e
452 1210 591 1239 curru
618 1194 789 1239 saltum
815 1194 950 1240 dedit
976 1194 1107 1241 ocius
1135 1194 1267 1252 arvis,

161 1276 341 1321 perque
367 1261 537 1316 hostes,
564 1278 648 1322 per
675 1260 768 1306 tela
793 1260 905 1317 ruit,
931 1275 1252 1325 maestamque
1280 1279 1488 1309 sororem

162 1325 350 1384 deserit,
378 1343 432 1372 ac
460 1327 623 1389 rapido
650 1345 790 1374 cursu
818 1328 976 1374 media
1004 1329 1190 1390 agmina
1216 1330 1412 1392 rumpit.

163 1410 215 1439 ac
241 1393 391 1439 veluti
417 1394 595 1440 montis
623 1411 786 1441 saxum
813 1395 872 1441 de
898 1396 1078 1442 vertice
1104 1414 1326 1459 praeceps

162 1477 273 1507 cum
300 1460 411 1517 ruit,
436 1462 652 1508 avulsum
677 1475 838 1520 vento,
866 1480 946 1509 seu
975 1463 1190 1509 turbidus
1217 1463 1371 1509 imber

159 1527 355 1590 proluit,
384 1541 464 1574 aut
490 1528 624 1574 annis
652 1529 791 1575 solvit
818 1530 1036 1592 sublapsa
1060 1544 1302 1585 vetusta53

161 1595 312 1641 fertur
337 1595 386 1641 in
413 1595 668 1657 abruptum
695 1613 866 1657 magno
893 1612 1027 1642 mons
1055 1597 1282 1660 inprobus
1309 1611 1434 1654 actu,

161 1662 459 1725 exsultatque
486 1664 603 1720 solo,
629 1663 767 1709 silvas
795 1678 1009 1710 armenta
1032 1664 1252 1726 virosque

159 1728 408 1775 involvens
435 1747 596 1776 secum
623 1749 633 1777 :
670 1730 870 1777 disiecta
894 1748 978 1793 per
1003 1731 1192 1792 agmina
1217 1732 1418 1778 Turnus

159 1795 225 1842 sic
253 1795 380 1842 urbis
407 1796 502 1843 ruit
528 1797 586 1842 ad
611 1814 787 1854 muros,
814 1798 894 1844 ubi
920 1798 1128 1860 plurima
1152 1799 1257 1846 fuso
1539 1815 1601 1854 690

159 1862 388 1924 sanguine
417 1876 538 1910 terra
563 1865 721 1911 madet
747 1864 1052 1928 striduntque
1078 1866 1327 1912 hastilibus
1354 1884 1528 1923 aurae3

159 1929 490 2004 significatque
515 1948 673 1988 manu,
703 1945 749 1978 et
775 1949 946 1993 magno
973 1932 1114 1978 simul
1141 1933 1314 1996 incipit
1339 1951 1453 1980 ore:

156 1996 340 2059 parcite
365 1996 473 2054 iam,
502 1998 688 2056 Rutuli,
717 2012 763 2044 et
790 2016 871 2045 vos
898 2000 993 2045 tela
1019 1999 1254 2057 inhibete,
1280 2001 1478 2057 Latini3

158 2081 493 2126 quaecumque
521 2078 589 2111 est
616 2066 822 2123 fortuna,
848 2083 953 2112 mea
979 2080 1084 2124 est;
1120 2084 1197 2113 me
1224 2067 1378 2114 verius
1406 2084 1557 2114 unum

155 2148 241 2192 pro
266 2131 398 2177 vobis
425 2131 591 2178 foedus
618 2132 750 2179 luere
778 2147 824 2179 et
850 2134 1108 2180 decernere
1134 2133 1288 2181 ferro?

156 2197 410 2244 discessere
436 2215 602 2245 omnes
627 2200 788 2257 medii,
816 2201 1118 2264 spatiumque
1145 2202 1334 2249 dedere.

225 2277 270 2310 at
294 2278 424 2327 pater
447 2266 648 2324 Aeneas,
676 2267 839 2313 audito
866 2268 1063 2314 nomine
1091 2269 1267 2326 Turni,

157 2329 330 2378 deserit
358 2345 404 2379 et
430 2349 603 2390 muros,
633 2347 679 2380 et
705 2351 910 2381 summas
935 2335 1108 2382 deserit
1136 2353 1275 2393 αἴρετε,

156 2397 536 2472 praecipitatque
563 2417 714 2447 moras
742 2418 924 2459 omnes,
950 2420 1091 2464 opera
1119 2403 1279 2449 omnia
1303 2403 1500 2478 rumpit,

157 2463 341 2510 laetitia
365 2467 620 2525 exsultans,
647 2469 1035 2532 horrendumque
1061 2469 1250 2516 intonat
1275 2470 1448 2516 armis:
1533 2495 1595 2525 700

158 2544 363 2592 quantus
387 2533 558 2591 Athos,
585 2548 666 2581 aut
691 2549 899 2598 quantus
927 2537 1073 2598 Eryx,
1099 2551 1179 2584 aut
1204 2537 1321 2600 ipse,
1348 2537 1552 2584 coruscis

158 2613 269 2643 cum
295 2597 458 2644 fremit
482 2600 688 2660 ilicibus,
715 2617 936 2665 quantus,
962 2604 1230 2667 gaudetque
1256 2604 1401 2650 nivali

157 2664 336 2710 vertice
362 2681 409 2710 se
435 2667 656 2714 attollens
680 2682 816 2731 pater
841 2671 1161 2732 Appenninus
1187 2671 1246 2718 ad
1271 2689 1418 2719 auras.

158 2730 251 2777 iam
276 2748 388 2777 vero
415 2744 461 2778 et
487 2732 656 2779 Rutuli
684 2737 900 2784 certatim
927 2750 973 2784 et
1000 2737 1152 2784 Troes
1179 2751 1226 2785 et
1252 2755 1417 2784 omnes

807 2819 831 2848 2
860 2821 886 2849 B
