1866 3208
584 218 860 256 AENEIDOS
890 218 993 256 LIB.
1022 217 1061 254 X
1499 226 1571 266 301

145 345 255 375 cum
279 327 504 390 deprensa
529 325 740 371 fremunt
765 325 906 382 silvis,
933 338 978 372 et
1003 342 1143 372 caeca
1166 324 1381 371 volutant

145 411 399 450 murmura,
423 405 645 438 venturos
669 392 822 438 nautis
846 392 1094 455 prodentia
1117 405 1296 438 ventos

145 474 246 508 tum
269 461 408 506 Pater
426 458 748 521 omnipotens,
774 476 932 505 rerum
957 459 1033 506 cui
1061 476 1243 505 summa
1266 471 1491 522 potestas,
1518 484 1580 506 100

143 527 284 583 infit;
322 543 378 572 eo
407 525 601 572 dicente
627 525 772 571 deum
797 526 965 572 domus
992 526 1087 572 alta
1114 526 1306 584 silescit,

145 607 192 641 et
217 593 498 640 tremefacta
524 593 624 639 solo
651 592 794 638 tellus
818 612 832 648 ;
869 592 978 639 silet
1004 593 1175 639 arduus
1202 594 1402 647 aether3

143 674 244 708 tum
304 659 518 722 Zephyri
577 676 779 722 posuere
804 680 818 716 3
876 659 1053 722 premit
1115 659 1306 723 placida
1373 676 1578 722 aequora

274 739 477 789 pontus:
720 726 731 739 ⁸

109 793 341 856 ‘accipite
369 811 476 854 ergo
503 793 672 840 animis
699 806 841 856 atque
867 795 985 840 haec
1012 810 1116 839 mea
1143 794 1272 854 figite
1299 794 1440 840 dicta.

141 860 528 924 quandoquidem
555 860 792 907 Ausonios
818 860 1048 921 coniungi
1074 861 1269 907 foedere
1295 860 1500 907 Teucris

139 928 268 975 haud
294 927 499 986 licitum,
528 944 618 974 nec
644 941 798 974 vestra
825 926 953 990 capit
979 927 1214 974 discordia
1241 927 1387 974 finem
1412 946 1422 974 :

141 1012 259 1058 quae
294 994 469 1058 cuique
504 1007 574 1041 est
610 995 803 1041 fortuna
840 994 999 1052 hodie,
1035 1012 1177 1057 quam
1210 994 1412 1058 quisque
1450 1007 1577 1041 secat

273 1079 420 1124 spem,

140 1129 264 1176 Tros
290 1129 564 1176 Rutulusne
591 1129 707 1187 fuat,
735 1129 873 1175 nullo
900 1128 1176 1175 discrimine
1202 1128 1406 1185 habebo,

138 1213 218 1243 seu
244 1196 349 1243 fatis
376 1197 556 1243 Italum
584 1209 731 1243 castra
758 1195 1006 1242 obsidione
1034 1207 1304 1253 tenentur,·

138 1263 235 1310 sive
262 1280 417 1310 errore
443 1264 569 1310 malo
596 1263 775 1310 Troiae
801 1262 1092 1326 monitisque
1119 1262 1335 1309 sinistris.
1515 1287 1578 1308 110

138 1347 228 1377 nec
255 1330 460 1377 Rutulos
487 1330 636 1378 solvo.
707 1348 788 1377 sua
815 1330 990 1393 cuique
1018 1347 1179 1376 exorsa
1205 1330 1417 1376 laborem

138 1398 474 1461 fortunamque
500 1398 672 1445 ferent.
744 1415 828 1444 rex
854 1396 1071 1460 Iuppiter
1096 1396 1316 1443 omnibus
1343 1396 1489 1442 idem.

138 1465 230 1510 fata
255 1464 380 1511 viam
408 1464 693 1512 invenient.'
768 1464 916 1526 Stygii
943 1481 1027 1526 per
1053 1463 1252 1510 flumina
1277 1463 1452 1520 fratris,

135 1548 221 1593 per
246 1531 353 1593 pice
380 1544 614 1578 torrentes
641 1543 833 1594 atraque
859 1531 1081 1592 voragine
1105 1531 1228 1593 ripas

137 1598 318 1656 adnuit,
349 1611 394 1645 et
421 1612 573 1646 totum
601 1612 721 1645 nutu
750 1598 1021 1645 tremefecit
1047 1598 1331 1660 Olympum.

134 1664 215 1711 hic
242 1664 349 1711 finis
375 1665 524 1713 fandi.
596 1666 714 1712 solio
743 1678 844 1712 tum
871 1665 1090 1727 Iuppiter
1115 1682 1256 1710 aureo

135 1731 295 1792 surgit,
322 1732 579 1779 caelicolae
606 1732 820 1778 medium
849 1749 991 1795 quem
1018 1732 1076 1778 ad
1102 1731 1270 1778 limina
1297 1731 1498 1778 ducunt.

201 1798 386 1846 interea
410 1799 578 1846 Rutuli
603 1799 752 1861 portis
780 1799 961 1845 circum
988 1798 1209 1845 omnibus
1236 1798 1416 1844 instant

135 1878 347 1912 sternere
373 1867 519 1913 caede
544 1866 668 1912 viros
698 1880 744 1913 et
770 1866 958 1912 moenia
984 1866 1175 1927 cingere
1202 1865 1420 1912 flammis.

136 1945 181 1979 at
206 1933 332 1994 legio
358 1934 642 1980 Aeneadum
670 1933 807 1980 vallis
835 1933 1020 1979 obsessa
1047 1946 1255 1991 tenetur,
1512 1956 1574 1978 120

135 2017 225 2046 nec
252 2017 354 2063 spes
382 2000 477 2047 ulla
503 2001 656 2061 fugae.
733 2000 893 2046 miseri
919 2013 1046 2047 stant
1071 2000 1275 2046 turribus
1302 1998 1406 2046 altis

135 2067 445 2130 nequiquam,
475 2080 521 2114 et
545 2085 645 2113 rara
672 2084 830 2114 muros
858 2066 1055 2114 cinxere
1081 2084 1254 2113 corona

131 2134 269 2181 Asius
295 2134 576 2181 Imbrasides
603 2133 1016 2197 Hicetaoniusque
1044 2134 1342 2196 Thymoetes

132 2201 443 2265 Assaracique
469 2202 564 2248 duo
591 2213 637 2247 et
664 2200 820 2247 senior
846 2217 956 2248 cum
985 2201 1180 2247 Castore
1208 2198 1484 2261 Thymbris,

133 2268 286 2331 prima
311 2269 434 2315 acies
457 2289 471 2326 ;
506 2270 591 2315 hos
616 2267 826 2329 germani
857 2267 1139 2330 Sarpedonis
1167 2267 1320 2323 ambo,

136 2347 182 2381 et
207 2335 375 2382 Clarus
402 2349 448 2382 et
474 2335 720 2392 Themon,
746 2334 894 2397 Lycia
921 2334 1210 2381 comitantur
1235 2334 1291 2380 ab
1318 2334 1428 2381 alta.

135 2402 230 2448 fert
253 2402 422 2463 ingens
442 2415 543 2449 toto
571 2402 770 2449 conixus
796 2419 993 2464 corpore
1020 2419 1198 2458 saxum,

136 2468 264 2514 haud
288 2483 472 2531 partem
499 2469 715 2531 exiguam
741 2469 936 2526 montis,
961 2468 1219 2531 Lyrnesius
1245 2468 1451 2525 Acmon,

136 2550 226 2580 nec
253 2534 417 2597 Clytio
441 2537 653 2597 genitore
679 2536 835 2584 minor
860 2553 950 2583 nec
977 2536 1119 2583 fratre
1145 2536 1454 2582 Menestheo„

136 2600 186 2645 hi
212 2599 394 2659 iaculis,
419 2602 494 2649 illi
519 2616 704 2650 certant
729 2603 991 2650 defendere
1017 2603 1151 2660 saxiS,
1512 2623 1578 2654 130·

137 2666 390 2732 molirique
414 2668 587 2730 ignem,
613 2687 856 2733 nervoque
882 2682 1040 2732 aptare
1067 2669 1265 2731 sagittas.

518 2758 592 2784 100
620 2746 754 2796 prima.
868 2747 940 2784 126
971 2747 1016 2783 ab
1044 2747 1124 2784 Ida.
