1861 3256
345 240 417 280 116
796 242 838 280 P.
868 241 1101 280 VERGILI
1131 243 1388 281 MARONIS

412 363 519 408 ergo
544 347 696 394 omnis
722 348 862 407 longo
886 347 1023 395 solvit
1047 365 1091 395 se
1118 349 1325 395 Teucria
1349 349 1483 395 luctu
1511 368 1521 395 :

411 413 683 476 panduntur
707 426 866 475 portae
891 433 905 470 ;
941 413 1067 462 iuvat
1092 415 1158 461 ire
1184 429 1228 462 et
1254 415 1436 467 Dorica,
1454 427 1600 462 castra

410 479 706 541 desertosque
738 479 892 526 videre
919 480 1045 527 locos
1070 481 1271 544 litusque
1297 481 1534 528 relictum.

409 546 486 591 hic
514 545 758 606 Dolopum
784 562 964 604 manUS‚
988 547 1066 594 hic
1094 565 1251 594 saevus
1277 547 1498 594 tendebat
1521 548 1736 596 Achilles
1761 569 1775 606 3

409 610 627 658 classibus
653 611 732 657 hic
760 612 906 669 locus,
931 612 1002 673 his
1027 614 1126 660 acie
1152 628 1325 660 certare
1352 614 1580 660 solebant.
1796 641 1838 671 30

408 695 508 738 pars
533 690 690 739 stupet
717 677 944 740 innuptae
970 679 1146 727 donum
1173 681 1360 727 exitiale
1390 680 1656 738 Minervae,

409 757 456 790 et
480 744 656 790 molem
682 744 910 792 mirantur
936 746 1042 808 equi
1069 767 1082 802 3
1118 747 1388 810 primusque
1415 747 1708 809 Thymoetes

408 809 517 856 duci
543 810 667 857 intra
692 827 847 857 muros
873 812 1086 860 hortatur
1112 826 1157 860 et
1181 831 1285 859 arce
1312 813 1470 870 locari,

409 876 502 922 sive
528 876 653 934 dolo,
679 894 758 924 seu
785 877 876 924 iam
905 879 1079 926 Troiae
1105 879 1168 926 sic
1196 880 1287 926 fata
1312 880 1539 926 ferebant.

409 955 453 989 at
480 942 650 1004 CapyS,
677 956 723 990 et
749 961 949 1007 quorum
977 946 1144 992 melior
1169 946 1398 992 sententia
1423 946 1588 1003 menti,

409 1022 487 1055 aut
512 1010 675 1071 pelago
701 1009 921 1057 Danaum
948 1011 1133 1058 insidias
1160 1027 1464 1075 suspectaque
1489 1013 1612 1059 dona

408 1075 711 1138 praecipitare
738 1076 922 1134 iubent,
949 1078 1263 1142 subiectisque
1290 1096 1423 1126 urere
1450 1078 1647 1125 flammis
1676 1098 1687 1126 :

410 1155 488 1188 aut
514 1142 746 1188 terebrare
773 1160 905 1190 cavas
933 1145 1050 1191 uteri
1078 1159 1124 1192 et
1148 1158 1374 1207 temptare
1400 1145 1610 1192 latebras,

410 1209 639 1256 scinditur
665 1210 900 1256 incertum
928 1211 1077 1258 studia
1102 1211 1150 1257 in
1177 1212 1405 1258 contraria
1429 1212 1610 1273 vulgus.

477 1276 653 1338 primus
680 1276 743 1322 ibi
765 1290 872 1322 ante
894 1294 1072 1334 omnes,
1092 1295 1258 1338 magna
1279 1278 1532 1324 comitante
1554 1291 1750 1334 caterva,
1799 1302 1842 1332 40

410 1341 631 1388 Laocoon
658 1343 822 1389 ardens
849 1361 1029 1390 summa
1055 1344 1262 1390 decurrit
1287 1344 1342 1390 ab
1368 1361 1473 1390 arce
1499 1365 1513 1400 ;

411 1422 457 1455 et
482 1409 650 1470 procul
679 1428 688 1456 :
727 1415 739 1434 ‘
756 1427 783 1456 o
810 1410 982 1467 miseri,
1011 1427 1127 1473 quae
1154 1424 1280 1457 tanta
1305 1410 1499 1468 insania,
1524 1410 1684 1458 cives?

411 1475 599 1521 creditis
625 1490 808 1522 avectos
835 1478 989 1523 hostes
1012 1480 1028 1522 ?
1065 1490 1142 1522 aut
1170 1477 1265 1523 ulla
1289 1476 1459 1539 putatis

409 1542 531 1588 dona
557 1559 711 1589 carere
738 1543 856 1589 dolis
883 1543 1105 1589 Danaum
1129 1546 1144 1589 ?
1180 1543 1244 1589 sic
1271 1557 1408 1590 notus
1434 1543 1606 1590 Ulixes
1629 1547 1646 1590 ?

410 1622 487 1654 aut
512 1611 600 1655 hoc
630 1610 800 1656 inclusi
828 1610 959 1671 ligno
985 1610 1283 1657 occultantur
1307 1610 1499 1667 Achivi,

410 1688 488 1722 aut
514 1677 628 1722 haec
656 1676 704 1721 in
733 1690 908 1722 nostros
935 1677 1158 1723 fabricata
1184 1691 1251 1723 est
1275 1677 1494 1723 machina
1519 1693 1676 1723 muros

409 1742 680 1803 inspectura
704 1742 864 1788 domos
890 1756 1181 1806 venturaque
1207 1743 1404 1805 desuper
1434 1743 1535 1789 urbi
1559 1763 1573 1799 ;

410 1822 487 1854 aut
513 1809 678 1872 aliquis
706 1810 817 1855 latet
845 1826 968 1855 error
997 1828 1006 1855 ε
1045 1827 1165 1872 equo
1189 1826 1248 1855 ne
1275 1809 1468 1866 credite,
1496 1808 1692 1855 Teucri.

410 1875 639 1938 quidquid
664 1875 711 1921 id
730 1879 818 1931 est,
848 1876 993 1922 timeo
1019 1875 1205 1922 Danaos
1233 1889 1279 1922 et
1303 1876 1424 1922 dona
1450 1873 1683 1922 ferentes.’

410 1941 472 1987 sic
502 1942 619 1987 fatus
647 1942 809 1988 validis
834 1942 1084 2009 ingentem
1106 1942 1277 1988 viribus
1302 1944 1481 1989 hastam
1799 1964 1842 1995 50

410 2008 459 2053 in
486 2008 604 2053 latus
630 2008 773 2071 inque
800 2009 886 2055 feri
914 2026 1106 2055 curvam
1133 2009 1434 2071 compagibus
1460 2008 1618 2054 alvum

411 2074 653 2121 contorsit.
724 2075 851 2122 stetit
877 2075 957 2121 illa
983 2090 1201 2133 tremens,
1228 2089 1454 2138 uteroque
1480 2092 1663 2121 recusso

412 2141 660 2187 insonuere
688 2158 825 2188 cavae
852 2142 1176 2206 gemitumque
1202 2142 1370 2188 dedere
1397 2158 1637 2188 cavernae.

412 2221 474 2264 et,
500 2208 534 2253 si
561 2208 653 2254 fata
677 2208 836 2265 deum,
863 2208 898 2255 si
925 2226 1057 2255 mens
1083 2226 1178 2255 non
1205 2209 1335 2254 laeva
1358 2208 1533 2263 fuisset,

413 2274 646 2335 inpulerat
674 2275 794 2322 ferro
820 2276 1064 2337 Argolicas
1091 2275 1276 2322 foedare
1302 2275 1499 2321 latebras
1525 2293 1538 2330 ;

413 2340 651 2404 Troiaque
678 2358 806 2388 nunc
834 2356 986 2399 staret,
1017 2342 1280 2405 Priamique
1306 2358 1387 2387 arx
1413 2341 1520 2397 alta,
1546 2355 1771 2385 maneres.

479 2423 607 2463 ecce,
634 2424 797 2454 manus
824 2408 1047 2455 iuvenem
1073 2408 1251 2454 interea
1273 2420 1377 2469 post
1402 2420 1527 2468 terga
1551 2406 1821 2453 revinctum

412 2486 612 2535 pastores
640 2490 810 2535 magno
836 2475 892 2520 ad
916 2491 1074 2535 regem
1100 2475 1304 2520 clamore
1331 2473 1575 2520 trahebant

412 2539 722 2596 Dardanidae,
752 2540 832 2603 qui
858 2557 904 2587 se
931 2541 1146 2602 ignotum
1172 2540 1470 2586 venientibus
1497 2540 1635 2596 ultro,

412 2607 501 2652 hoc
524 2607 677 2668 ipsum
699 2621 750 2653 ut
776 2620 970 2653 strueret
996 2607 1285 2670 Troiamque
1307 2607 1504 2668 aperiret
1528 2605 1740 2662 Achivis,
1797 2619 1840 2650 60

413 2673 661 2730 obtulerat,
690 2673 835 2719 fidens
862 2674 1024 2731 animi,
1050 2688 1187 2738 atque
1217 2674 1265 2719 in
1294 2687 1546 2737 utrumque
1571 2686 1768 2735 paratus,

704 2773 751 2810 37
781 2761 1015 2801 subiectisve.
1074 2761 1121 2812 56
1152 2768 1278 2808 stares,
1298 2767 1482 2799 maneret.
1549 2775 1553 2782 ¹
