1866 3208
561 218 834 258 AENEmos
865 218 967 257 Lm.
995 217 1059 255 rx
1484 227 1557 266 291

132 350 191 380 en
217 331 298 396 qui
324 342 479 376 nostra
503 326 588 374 sibi
615 326 744 373 bello
770 327 975 374 conubia
999 338 1206 389 poscunt
1229 326 1237 372 ἔ
1502 340 1564 371 600

131 400 233 463 quis
259 399 372 445 deus
398 395 600 451 Italiam,
627 410 748 456 quae
774 410 853 440 vos
880 394 1124 440 dementia
1149 391 1344 453 adegit?

131 483 228 513 non
253 465 330 511 hic
354 461 551 509 Atridae
577 476 666 506 nec
693 460 827 506 fandi
854 460 990 507 fictor
1016 460 1189 507 Ulixes
1214 478 1225 506 ι

131 533 301 580 durum
327 529 383 576 ab
409 528 550 591 stirpe
576 543 724 589 genus
751 541 883 573 natos
911 527 969 574 ad
994 527 1192 573 flumina
1218 525 1427 589 primum

130 597 385 646 deferimus
410 611 644 658 saevoque
669 594 778 655 gelu
805 594 1029 641 duramus
1055 607 1103 641 et
1129 594 1269 640 undis
1291 612 1305 647 3

129 678 301 713 venatu
328 662 580 724 invigilant
604 661 740 725 pueri
766 662 997 724 silvasque
1024 661 1224 722 fatigant
1246 681 1260 717 ;

130 732 320 779 flectere
347 730 486 777 ludus
513 746 656 792 equos
684 742 731 775 et
756 728 940 791 spicula
965 728 1162 775 tendere
1183 744 1347 774 cornu.

130 813 175 847 at
198 798 383 862 patiens
408 813 608 860 operum
632 813 873 859 parvoque
900 795 1094 842 adsueta
1118 794 1340 841 iuventus

131 879 211 914 aut
235 865 388 912 rastris
416 878 589 910 terram
615 863 776 910 domat
803 877 883 909 aut
909 862 1062 925 quatit
1087 862 1260 924 oppida
1286 860 1427 907 bello.

131 950 273 980 omne
299 948 468 978 aevum
493 931 618 977 ferro
644 929 826 988 teritur,
853 946 1078 992 versaque
1105 929 1363 975 iuvencum

132 1014 257 1061 terga
282 999 529 1059 fatigamus
555 998 687 1044 hasta
710 1017 724 1052 ;
761 1013 851 1043 nec
880 997 1010 1043 tarda
1037 1009 1255 1043 senectus
1505 1008 1568 1039 610

130 1066 348 1114 debilitat
372 1065 491 1112 vires
518 1065 664 1111 animi
691 1077 940 1127 mutatque
965 1064 1176 1125 vigorem
1201 1081 1211 1109 ε

131 1134 357 1182 canitiem
381 1134 512 1194 galea
537 1133 814 1196 premimus,
843 1148 1122 1194 semperque
1148 1142 1364 1176 recentes

131 1214 426 1264 comportare
452 1200 582 1246 iuvat
606 1200 802 1263 praedas
830 1212 878 1245 et
901 1198 1062 1245 vivere
1088 1210 1239 1260 rapto.

130 1268 258 1315 vobis
285 1268 411 1330 picta
437 1284 578 1314 croco
604 1280 651 1314 et
678 1266 885 1327 fulgenti
912 1265 1094 1313 murice
1119 1264 1260 1311 vestis
1282 1283 1296 1318 ;

131 1336 338 1382 desidiae
364 1335 495 1382 cordi
520 1355 534 1392 3
571 1335 704 1381 iuvat
731 1334 981 1395 indulgere
1009 1332 1191 1380 choreis
1214 1351 1228 1386 3

132 1417 179 1450 et
205 1402 396 1449 tunicae
424 1402 628 1449 manicas
657 1416 703 1449 et
729 1403 907 1448 habent
933 1399 1215 1447 redimicula
1241 1398 1425 1445 mitrae.

131 1488 159 1517 o
183 1487 291 1516 vere
320 1469 561 1532 Phrygiae,
591 1486 746 1532 neque
775 1469 904 1515 enim
933 1468 1152 1529 Phryges,
1178 1466 1244 1512 ite
1269 1481 1354 1527 per
1379 1464 1474 1510 alta

132 1537 393 1599 Dindyma,
422 1536 504 1583 ubi
531 1535 732 1582 adsuetis
762 1536 967 1581 biforem
995 1535 1073 1580 dat
1099 1533 1213 1580 tibia
1239 1545 1451 1579 cantum.

132 1619 356 1667 tympana
380 1621 459 1650 vos
485 1604 732 1667 buxusque
760 1616 896 1649 vocat
924 1600 1212 1663 Berecyntia
1239 1598 1414 1645 Matris

132 1672 300 1718 Idaeae
326 1690 336 1718 :
373 1671 515 1718 sinite
542 1688 669 1717 arma
694 1670 804 1716 viris
834 1683 880 1716 et
908 1669 1063 1715 cedite
1089 1666 1246 1714 ferro.'
1509 1678 1571 1711 620

201 1739 312 1786 talia
335 1739 593 1785 iactantem
619 1737 759 1784 dictis
788 1754 840 1783 ac
868 1737 969 1782 dira
996 1748 1252 1782 canentem

132 1823 229 1852 non
257 1805 369 1853 tulit
392 1805 640 1862 Ascanius,
669 1821 912 1867 nervoque
940 1803 1161 1850 obversus
1188 1800 1367 1864 equino

131 1873 343 1920 intendit
369 1873 523 1920 telum
549 1872 825 1935 diversaque
854 1870 1073 1917 bracchia
1099 1870 1278 1916 ducens

133 1940 364 1997 constitit,
390 1954 501 1987 ante
528 1941 693 1986 Iovem
720 1939 920 2001 supplex
947 1955 1031 2000 per
1055 1951 1164 1983 vota
1188 1947 1409 1999 precatus
1433 1951 1444 1980 :

101 2008 345 2070 ‘Iuppiter
369 2007 688 2070 omnipotens,
716 2006 973 2053 audacibus
999 2005 1156 2051 adnue
1183 2001 1363 2064 coeptis
1391 2019 1402 2048 ε

134 2075 231 2137 ipse
258 2074 344 2121 tibi
366 2075 425 2121 ad
451 2088 532 2121 tua
559 2074 738 2136 templa
766 2074 915 2119 feram
943 2070 1193 2118 sollemnia
1218 2069 1343 2115 dona

134 2155 179 2188 et
205 2154 402 2188 statuam
428 2155 536 2188 ante
562 2159 656 2188 aras
682 2154 840 2187 aurata
867 2140 1021 2186 fronte
1047 2139 1305 2184 iuvencum

134 2209 418 2256 candentem
443 2209 709 2272 pariterque
736 2221 879 2271 caput
905 2224 1015 2254 cum
1040 2219 1184 2252 matre
1211 2204 1460 2258 ferentem,

134 2275 226 2323 iam
252 2293 400 2323 cornu
427 2290 556 2338 petat
582 2290 629 2323 et
654 2275 850 2338 pedibus
877 2274 959 2338 qui
987 2285 1168 2336 spargat
1192 2268 1448 2317 harenam?

135 2343 283 2391 audiit
308 2356 354 2391 et
379 2344 498 2391 caeli
527 2344 737 2390 Genitor
761 2343 819 2389 de
845 2356 972 2405 parte
1001 2358 1164 2387 serena
1510 2349 1574 2393 630

134 2409 347 2458 intonuit
370 2411 559 2458 laevum
581 2432 595 2469 ;
634 2424 768 2457 sonat
794 2427 886 2457 una
913 2409 1072 2456 fatifer
1098 2424 1246 2454 arcus.

137 2477 301 2537 effugit
325 2479 619 2525 horrendum
645 2478 845 2525 stridens
872 2477 1076 2524 adducta
1103 2474 1272 2535 sagitta

136 2560 316 2606 perque
343 2559 487 2608 caput
513 2545 706 2592 Remuli
731 2545 865 2591 venit
891 2558 938 2591 et
964 2560 1076 2591 cava
1103 2556 1316 2603 tempora
1342 2539 1466 2585 ferro

136 2609 368 2671 transigit.
438 2612 500 2668 ‘i,
525 2612 677 2659 verbis
703 2612 932 2658 virtutem
958 2610 1126 2657 inlude
1153 2606 1392 2670 superbis;

136 2677 205 2724 bis
232 2677 359 2740 capti
387 2677 588 2740 Phryges
612 2680 728 2725 haec
758 2677 949 2724 Rutulis
975 2692 1195 2738 responsa
1220 2667 1504 2719 remittunt.'

514 2755 589 2804 632
619 2762 656 2792 et
676 2755 785 2803 fugit.
897 2754 975 2803 634
1003 2751 1140 2790 traicit.
