1861 3256
563 239 840 278 AENEIDOS
871 241 972 279 LIB.
1004 241 1068 278 IV
1493 256 1562 294 173

131 348 305 411 inpius,
335 347 618 424 exuviasque
645 363 826 404 omnes,
853 348 1132 411 lectumque
1157 347 1380 409 iugalem,

133 433 227 478 quo
252 415 387 478 perii,
415 413 821 476 superinponant:
860 415 1048 462 abolere
1075 415 1272 461 nefandi

132 495 305 529 cuncta
330 481 417 528 viri
444 480 742 527 monimenta
768 480 902 527 iubet
928 495 1256 545 monstratque
1281 482 1530 529 sacerdos?

131 551 251 596 haec
280 549 418 595 effata
445 548 587 604 silet3
623 548 778 609 pallor
803 547 942 593 simul
971 563 1174 612 occupat
1199 567 1294 596 ora.

132 633 230 662 non
258 628 419 662 tamen
444 616 586 661 Anna
613 614 746 659 novis
772 627 1051 676 praetexere
1078 617 1245 662 funera
1271 616 1409 663 sacris
1507 639 1569 670 500

130 699 406 743 germanam
432 681 598 739 credit,
626 697 715 727 nec
744 694 898 727 tantos
925 696 1089 728 mente
1115 683 1296 729 furores

131 750 358 812 concipit,
387 762 467 796 aut
491 748 701 810 graviora
728 747 867 794 timet
893 766 1035 811 quam
1062 764 1214 796 morte
1244 750 1462 812 Sychaei.

134 833 242 878 ergo
268 817 389 862 iussa
414 829 562 879 parat.

199 897 246 930 at
270 883 446 944 regina,
474 900 586 945 pyra
611 882 848 945 penetrali
875 882 925 929 in
952 883 1062 929 sede
1090 884 1173 929 sub
1200 901 1333 930 auras

133 964 306 1008 erecta,
333 950 517 1010 ingenti
544 949 692 996 taedis
719 963 862 1012 atque
888 950 1000 996 ilice
1026 963 1168 1008 secta,

130 1017 438 1080 intenditque
465 1017 626 1063 locum
654 1016 801 1075 sertis,
831 1030 877 1063 et
903 1017 1074 1064 fronde
1101 1032 1296 1064 coronat

129 1085 357 1141 funerea3
394 1101 534 1147 super
560 1083 750 1130 exuvias
778 1100 1036 1146 ensemque
1061 1085 1283 1131 relictum

131 1151 429 1214 effigiemque
455 1164 557 1197 toro
584 1151 726 1208 locat,
753 1151 883 1196 haud
908 1151 1068 1211 ignara
1094 1152 1258 1198 futuri.

128 1231 256 1264 stant
281 1235 386 1264 arae
413 1218 609 1276 circum,
638 1231 684 1264 et
711 1217 867 1264 crines
895 1219 1038 1264 effusa
1063 1219 1279 1264 sacerdos

130 1298 202 1332 ter
227 1299 424 1332 centum
453 1299 587 1331 tonat
613 1285 694 1331 ore
723 1285 852 1344 deos,
880 1285 1186 1347 Erebumque
1214 1285 1472 1348 Chaosque
1506 1309 1569 1338 510

130 1352 540 1415 tergeminamque
568 1353 812 1410 Hecaten,
840 1352 926 1398 tria
952 1352 1145 1413 virginis
1172 1370 1250 1398 ora
1276 1352 1482 1399 Dianae.

129 1431 356 1482 sparserat
384 1431 430 1466 et
455 1419 619 1465 latices
645 1420 889 1466 simulatos
914 1419 1061 1465 fontis
1085 1419 1297 1476 Averni3

130 1486 331 1532 falcibus
359 1498 406 1532 et
430 1503 608 1533 messae
635 1487 694 1532 ad
720 1487 886 1533 lunam
914 1499 1211 1549 quaeruntur
1237 1486 1363 1532 aenis

130 1554 366 1616 pubentes
391 1554 569 1599 herbae
597 1553 717 1614 nigri
747 1571 857 1600 cum
885 1554 1012 1600 lacte
1037 1553 1249 1609 veneni3

129 1620 370 1683 quaeritur
397 1633 443 1667 et
469 1620 705 1666 nascentis
735 1620 843 1683 equi
870 1621 929 1666 de
956 1621 1114 1666 fronte
1139 1620 1353 1666 revulsus

130 1700 177 1733 et
202 1687 339 1733 matri
364 1700 639 1750 praereptus
665 1704 809 1733 amor.

128 1753 225 1816 ipsa
251 1754 376 1800 mola
403 1753 717 1816 manibusque
743 1753 832 1816 piis
857 1753 1019 1800 altaria
1045 1753 1192 1811 iuxta,

128 1837 276 1867 unum
305 1834 445 1866 exuta
470 1820 645 1883 pedem
671 1820 859 1878 vinclis,
886 1821 937 1866 in
962 1834 1094 1868 veste
1119 1821 1347 1879 recincta,

127 1901 326 1934 testatur
350 1887 577 1934 moritura
605 1888 718 1934 deos
746 1902 792 1934 et
818 1888 1008 1935 conscia
1034 1888 1119 1935 fati

127 1954 308 2012 sidera3
346 1968 464 2013 tum,
492 1954 528 2001 si
554 1955 685 2017 quod
712 1972 809 2001 non
839 1973 990 2018 aequo
1017 1956 1211 2002 foedere
1239 1968 1453 2003 amantes
1505 1978 1568 2009 520

126 2039 266 2069 curae
293 2039 473 2069 numen
498 2022 645 2068 habet
672 2022 949 2085 iustumque
975 2039 1271 2085 memorque,
1297 2037 1534 2085 precatur.

193 2106 289 2135 nox
317 2102 430 2147 erat,
460 2101 507 2135 et
532 2088 778 2151 placidum
808 2089 1070 2151 carpebant
1095 2090 1214 2135 fessa
1241 2106 1458 2151 soporem

125 2173 322 2219 corpora
348 2174 432 2219 per
458 2169 618 2214 terras,
648 2156 890 2219 silvaeque
919 2169 966 2202 et
992 2173 1126 2202 saeva
1152 2156 1373 2219 quierant

126 2241 344 2287 aequora,
371 2240 482 2270 cum
507 2223 667 2269 medio
694 2223 958 2269 volvuntur
985 2223 1136 2269 sidera
1162 2224 1310 2286 lapsu,

127 2307 236 2337 cum
262 2303 389 2338 tacet
415 2290 570 2336 omnis
597 2308 718 2351 ager,
748 2290 973 2353 pecudes,
1001 2290 1256 2353 pictaeque
1282 2290 1513 2348 volucres,

128 2373 342 2420 quaeque
368 2358 497 2404 lacus
523 2357 620 2404 late
647 2357 872 2421 liquidos,
899 2375 1115 2420 quaeque
1143 2374 1302 2419 aspera
1328 2357 1482 2404 dumis

128 2440 232 2469 rura
258 2437 442 2483 tenent,
469 2441 636 2471 somno
662 2425 842 2487 positae
871 2426 955 2471 sub
982 2438 1126 2471 nocte
1153 2424 1326 2471 silenti.

129 2489 367 2550 [lenibant
391 2509 539 2550 curas,
569 2505 615 2538 et
641 2493 782 2539 corda
810 2492 959 2538 oblita
986 2492 1242 2554 laborum]

129 2568 176 2601 at
202 2572 298 2602 non
325 2557 496 2605 infelix
524 2559 671 2606 animi
701 2559 975 2617 Phoenissa,
1003 2576 1161 2622 neque
1187 2575 1414 2621 umquam

129 2621 359 2668 solvitur
348 2641 398 2670 1n
424 2642 626 2684 somnos,
655 2626 866 2673 oculisve
893 2639 974 2672 aut
999 2639 1196 2689 pectore
1223 2637 1417 2671 noctem
1503 2648 1564 2678 530

129 2688 338 2751 accipit.
375 2690 676 2751 ingeminant
703 2710 859 2750 curae,
887 2710 1139 2755 rursusque
1164 2708 1406 2752 resurgens

616 2780 694 2818 497
726 2769 1007 2819 superinponaS.
