1861 3256
536 226 811 265 AENEIDOS
842 226 946 266 LIB.
975 227 1016 264 11
1459 242 1526 281 13¹

90 337 305 400 respicio,
334 350 380 382 et
405 350 522 399 quae
548 334 606 380 sit
632 350 708 380 me
734 333 916 380 circum
942 334 1076 397 copia
1100 334 1263 381 lustro.

91 405 337 451 deseruere
362 418 523 449 omnes
549 400 732 457 defessi,
762 414 807 446 et
833 417 1023 464 corpora
1048 402 1166 448 saltu

92 471 150 518 ad
175 486 344 517 terram
369 469 536 515 misere
562 481 642 514 aut
667 467 854 528 ignibus
881 485 1015 529 aegra
1039 469 1226 516 dedere.

159 538 346 600 iamque
373 536 488 582 adeo
513 552 650 597 super
676 551 796 580 unus
822 552 962 592 eram,
990 553 1100 582 cum
1125 535 1293 582 limina
1315 535 1488 582 Vestae

92 619 356 651 servantem
384 617 429 650 et
455 602 644 649 tacitam
670 615 849 648 secreta
873 601 924 648 in
950 602 1057 649 sede
1083 604 1314 650 latentem

94 670 369 733 Tyndarida
395 669 566 732 aspicio
588 689 602 726 ;
639 669 753 715 dant
779 669 901 715 clara
926 669 1148 716 incendia
1174 670 1333 716 lucem

93 738 266 785 erranti
292 737 556 800 passimque
583 736 743 783 oculos
769 753 852 799 per
878 751 1052 783 cuncta
1077 737 1266 784 ferenti.
1471 760 1534 791 570

92 806 174 851 illa
199 805 285 850 sibi
313 804 504 850 infestos
531 820 690 850 eversa
714 803 773 850 ob
802 803 1026 863 Pergama
1052 803 1282 862 Teucros,

92 886 138 918 et
163 889 335 934 poenas
360 870 582 918 Danaum
609 884 656 917 et
680 870 850 917 deserti
877 870 1088 931 coniugis
1115 870 1202 916 iras

91 952 438 1001 praemetuens,
468 937 642 984 Troiae
668 952 714 984 et
738 937 914 1000 patriae
942 937 1208 984 communis
1236 937 1421 1000 ErinyS,

93 1006 332 1051 abdiderat
359 1022 470 1062 sese,
499 1019 637 1068 atque
664 1004 748 1051 aris
775 1004 924 1051 invisa
949 1005 1152 1052 sedebat.

93 1089 303 1119 exarsere
329 1072 458 1132 ignes
487 1072 645 1118 animo
668 1092 681 1129 3
718 1071 843 1119 subit
868 1072 934 1118 ira
959 1072 1208 1119 cadentem

94 1139 258 1186 ulcisci
285 1139 499 1202 patriam,
529 1153 576 1186 et
600 1140 842 1185 sceleratas
869 1156 1052 1186 sumere
1077 1157 1249 1202 poenas
1273 1158 1284 1186 ε

62 1212 74 1232 ‘
94 1207 276 1254 scilicet
299 1208 415 1253 haec
444 1207 654 1269 Spartam
680 1206 932 1253 incolumis
958 1206 1220 1271 patriasque
1248 1206 1480 1267 Mycenas

95 1273 299 1336 aspiciet,
327 1288 554 1337 partoque
580 1273 667 1320 ibit
692 1273 851 1334 regina
877 1274 1155 1336 triumpho?

95 1340 466 1403 coniugiumque
492 1340 783 1403 domumque
808 1355 958 1402 patres
986 1355 1210 1404 natosque
1236 1339 1432 1394 videbit,

95 1407 301 1453 Iliadum
327 1407 465 1453 turba
491 1421 538 1454 et
565 1407 776 1469 Phrygiis
802 1408 1024 1454 comitata
1049 1407 1303 1453 ministris?
1478 1419 1539 1459 580

95 1474 324 1521 occiderit
349 1474 470 1521 ferro
497 1473 743 1521 Priamus?
814 1474 960 1521 Troia
987 1474 1147 1521 arserit
1176 1473 1310 1535 igni?

96 1540 392 1588 Dardanium
419 1541 556 1588 toties
582 1541 756 1588 sudarit
781 1541 1006 1602 sanguine
1033 1542 1179 1588 litus?

97 1625 192 1654 non
219 1608 297 1655 ita.
369 1625 587 1671 namque,
618 1608 702 1655 etsi
729 1609 920 1654 nullum
946 1607 1252 1654 memorabile
1278 1623 1457 1653 nomen

97 1675 303 1722 feminea
329 1675 378 1721 in
403 1692 556 1737 poena
582 1689 650 1721 est
675 1692 764 1721 nec
791 1675 935 1721 habet
962 1675 1156 1721 victoria
1181 1673 1386 1730 laudem,

97 1742 371 1788 exstinxisse
398 1742 527 1788 nefas
555 1756 714 1788 tamen
743 1755 790 1789 et
815 1741 1062 1803 sumpsisse
1089 1755 1322 1788 merentes

95 1809 318 1855 laudabor
343 1825 529 1870 poenas,
559 1808 866 1872 animumque
894 1809 1105 1871 explesse
1131 1808 1311 1855 iuvabit

97 1875 276 1922 ultricis
301 1875 535 1933 flammae,
563 1890 609 1922 et
636 1876 817 1923 cineres
845 1875 1028 1922 satiasse
1055 1875 1303 1923 meorum.'

97 1943 206 1989 talia
230 1942 478 2000 iactabam‚
506 1956 552 1990 et
578 1943 747 1990 furiata
773 1957 937 1990 mente
965 1943 1163 2001 ferebar,

97 2027 207 2056 cum
233 2009 350 2055 mihi
376 2027 437 2067 se,
466 2027 563 2056 non
591 2025 699 2057 ante
728 2010 877 2057 oculis
905 2024 1000 2058 tam
1029 2011 1164 2067 clara,
1193 2009 1447 2056 videndam

97 2077 287 2134 obtulit,
313 2090 360 2123 et
384 2094 500 2139 pura
524 2094 607 2139 per
634 2092 827 2124 noctem
854 2078 905 2124 in
931 2078 1040 2124 luce
1065 2077 1249 2124 refulsit
1482 2099 1543 2130 590

99 2145 219 2190 alma
243 2161 422 2206 parens,
452 2144 663 2191 confessa
691 2145 843 2202 deam,
871 2145 1115 2208 qualisque
1140 2144 1288 2190 videri

100 2211 332 2257 caelicolis
359 2226 405 2258 et
431 2226 605 2274 quanta
631 2213 746 2259 solet
771 2233 784 2269 ;
821 2212 1078 2276 dextraque
1106 2213 1394 2274 prehensum

103 2278 355 2335 continuit,
380 2296 605 2342 roseoque
631 2281 746 2326 haec
775 2280 969 2342 insuper
995 2279 1174 2326 addidit
1198 2296 1275 2325 ore
1301 2298 1311 2326 ε

72 2350 85 2371 ‘
103 2358 223 2401 nate,
250 2345 350 2408 quis
377 2346 626 2394 indomitas
654 2362 808 2394 tantus
837 2348 969 2394 dolor
996 2346 1171 2393 excitat
1196 2347 1319 2392 iras?

104 2411 218 2473 quid
241 2412 390 2459 furis?
427 2428 506 2460 aut
532 2432 738 2478 quonam
765 2415 911 2462 nostri
938 2414 1024 2461 tibi
1052 2431 1162 2461 cura
1186 2412 1413 2460 recessit?

104 2493 200 2522 non
225 2478 349 2539 prius
376 2481 586 2543 aspicies,
614 2483 695 2529 ubi
723 2483 896 2529 fessum
924 2496 1074 2529 aetate
1100 2495 1344 2544 parentem

104 2543 295 2606 liqueris
319 2547 601 2596 Anchisen?
638 2564 825 2613 superet
853 2549 1129 2597 coniunxne
1158 2548 1350 2605 Creusa,

104 2610 425 2685 Ascaniusque
450 2620 603 2677 puer?
639 2634 752 2681 quos
779 2634 942 2664 omnes
971 2617 1181 2679 undique
1210 2615 1381 2662 Graiae

106 2693 444 2726 circumerrant
469 2682 606 2740 acieS,
632 2698 694 2741 et,
723 2684 772 2730 ni
798 2702 903 2730 mea
928 2701 1039 2730 cura
1064 2683 1259 2739 resistat,

118 2753 292 2804 567-588
323 2756 475 2793 omittunt
491 2758 617 2796 codices
636 2763 764 2812 optimi.
824 2761 870 2810 58
880 2772 897 2811 5
930 2761 1125 2800 merentis.
1185 2759 1260 2809 587
1291 2759 1449 2795 famam.
