1866 3208
584 213 858 251 AENEIDOS
888 213 992 250 LIB.
1023 213 1108 250 XII
1520 225 1594 265 357

169 321 378 369 talibus
365 336 556 368 1ncensa
581 331 650 365 est
674 318 904 365 iuvenum
930 318 1166 365 sententia
1189 319 1328 366 dictis

167 389 260 435 iam
279 388 422 448 magis
442 400 582 449 atque
603 385 772 461 magi-s,
781 385 1020 448 serpitque
1040 403 1123 448 per
1143 386 1330 447 agmina
1350 402 1596 433 murmur·
1585 423 1597 443 ,

167 455 255 518 ipsi
280 455 538 500 Laurentes
564 452 734 499 mutati
761 452 947 515 ipsique
973 453 1148 500 Latini.
1539 479 1599 507 240

167 521 248 585 qui
275 519 397 566 sibi
386 536 478 565 lam
504 519 718 582 requiem
743 535 929 582 pugnae
955 519 1186 583 rebusque
1214 521 1414 567 salutem

167 587 428 649 sperabant,
455 603 582 633 nunc
610 603 736 632 arma
761 587 948 643 volunt,
974 587 1235 650 foedusque
1261 601 1516 650 precantur

165 654 417 710 infectum,
444 667 491 700 et
517 653 672 699 Turni
699 666 872 699 sortem
900 653 1180 700 miserantur
1204 653 1436 717 iniquam.

163 720 234 766 his
262 720 390 766 aliud
415 720 565 767 maius
593 721 791 766 Iuturna
819 720 1049 781 adiungit,
1077 734 1124 767 et
1150 721 1247 767 alto

164 787 243 833 dat
269 787 456 848 signum
485 787 632 844 caelo,
658 804 752 849 quo
780 805 877 833 non
902 787 1192 850 praesentius
1220 788 1372 834 ullum

164 853 371 900 turbavit
397 867 579 902 mentes
606 855 747 900 Italas
776 868 1084 918 monstroque
1110 855 1299 902 fefellit.

163 937 372 984 namque
398 921 558 968 volans
584 921 722 967 rubra
750 921 908 967 fulvus
933 922 1058 968 Iovis
1084 922 1176 968 ales
1202 922 1252 967 in
1277 923 1437 968 aethra

164 987 350 1034 litoreas
378 988 581 1049 agitabat
607 1005 713 1034 aves
742 988 1029 1051 turbamque
1055 1002 1302 1035 sonantem

164 1055 362 1115 agminis
389 1054 578 1116 aligeri:
617 1055 774 1102 subito
803 1072 913 1102 cum
938 1056 1092 1118 lapsus
1119 1056 1175 1102 ad
1202 1056 1348 1102 undas

164 1138 369 1183 cycnum
391 1122 712 1168 excellentem
738 1122 937 1185 pedibus
963 1122 1084 1185 rapit
1109 1122 1335 1185 inprobus
1363 1121 1513 1168 uncis.
1541 1145 1601 1175 250

164 1205 378 1235 arrexere
403 1189 585 1235 animos
612 1189 736 1247 Itali,
766 1203 1065 1252 cunctaeque
1090 1190 1308 1236 volucres

163 1269 450 1303 convertunt
476 1255 682 1303 clamore
710 1256 1158 1317 fugam—mirabile
1184 1274 1355 1303 msu—

163 1324 447 1386 aetheraque
473 1324 726 1370 obscurant
753 1323 927 1386 pinnis,
956 1325 1236 1386 hostemque
1261 1341 1345 1386 per
1369 1340 1501 1369 auras

163 1390 290 1436 facta
316 1390 443 1436 nube
469 1404 708 1452 premunt,
738 1391 890 1437 donec
918 1390 961 1436 vi
989 1390 1141 1437 victus
1168 1404 1214 1437 et
1240 1391 1340 1453 ipso

162 1457 373 1520 pondere
398 1457 589 1514 defecit,
617 1457 938 1520 praedamque
965 1475 1024 1504 ex
1051 1458 1286 1518 unguibus
1313 1458 1404 1504 ales

160 1524 364 1588 proiecit
389 1523 553 1581 fluvio,
579 1524 863 1587 penitusque
891 1524 941 1570 in
968 1524 1133 1571 nubila
1160 1525 1300 1586 fugit.

164 1605 267 1639 tum
293 1608 405 1638 vero
432 1591 678 1652 augurium
707 1591 878 1638 Rutuli
907 1592 1114 1638 clamore
1141 1592 1364 1648 salutant,

164 1659 522 1721 expediuntque
548 1676 746 1715 manus;
784 1658 1058 1721 primusque
1086 1658 1379 1704 Tolumnius
1407 1675 1566 1719 augur,

163 1727 254 1772 hoc
282 1738 392 1783 erat,
420 1727 526 1782 hoc,
552 1725 702 1781 votis‚'
729 1726 905 1788 inquit,
936 1725 1093 1788 ‘quod
1119 1742 1254 1787 saepe
1279 1725 1444 1788 petivi.

163 1792 365 1854 accipio,
391 1793 720 1855 adgnoscoque
749 1793 891 1848 deos3
930 1809 1022 1850 me,
1049 1809 1124 1838 me
1151 1793 1272 1838 duce
1299 1793 1474 1838 ferrum
1543 1806 1603 1838 260

164 1859 402 1922 corripite,
429 1877 457 1906 o
483 1859 658 1916 miseri,
685 1877 800 1922 quos
831 1858 1059 1922 inprobus
1086 1859 1264 1905 advena
1289 1860 1416 1905 bello

163 1926 360 1985 territat,
386 1926 612 1973 invalidas
641 1941 692 1973 ut
720 1944 842 1984 aves,
871 1940 917 1973 et
944 1926 1084 1972 litora
1107 1939 1260 1972 vestra

162 1994 210 2040 vi
236 1994 448 2056 populat.
519 2007 650 2056 petet
676 1993 757 2040 ille
786 1995 960 2069 fugam,
990 1993 1279 2056 penitusque
1306 1992 1544 2054 profundo

163 2061 270 2107 vela
293 2060 439 2108 dabit.
509 2077 588 2106 vos
617 2061 830 2106 unanimi
859 2061 1054 2107 densate
1082 2073 1307 2116 catervas,

163 2141 211 2175 et
236 2144 397 2189 regem
423 2127 555 2173 vobis
580 2144 739 2190 pugna
765 2127 1012 2174 defendite
1037 2125 1256 2189 raptum?

163 2194 300 2252 dixit,
329 2208 376 2242 et
402 2194 615 2241 adversos
642 2195 792 2241 telum
820 2194 1050 2241 contorsit
1077 2194 1126 2240 in
1153 2196 1308 2240 hostes

162 2278 476 2324 procurrens,
514 2261 723 2308 sonitum
749 2262 832 2308 dat
858 2261 1052 2308 stridula
1080 2278 1268 2318 cornus,
1299 2274 1345 2307 et
1372 2277 1499 2306 auras

167 2341 293 2375 certa
308 2342 448 2376 secat.
509 2329 648 2375 simul
670 2330 777 2386 hoc,
797 2329 937 2375 simul
965 2328 1130 2389 ingens
1153 2299 1346 2385 clanior,
1367 2341 1414 2374 et
1439 2343 1601 2373 omnes

168 2395 340 2442 turbati
367 2395 524 2452 cunei,
553 2396 876 2458 calefactaque
902 2395 1043 2442 corda
1070 2395 1297 2442 tumultu.

166 2462 297 2507 hasta
321 2462 499 2519 volans,
528 2475 581 2509 ut
606 2463 730 2509 forte
755 2479 929 2509 novem
954 2462 1277 2525 pulcherrima
1305 2462 1501 2507 fratrum
1544 2485 1604 2515 270

169 2544 363 2590 corpora
388 2529 697 2576 constiterant
723 2543 901 2586 contra,
927 2547 1043 2592 quos
1070 2528 1162 2574 fida
1187 2542 1366 2575 crearat

169 2611 263 2640 una
287 2606 359 2640 tot
383 2594 585 2642 Arcadio
611 2596 821 2643 coniunx
849 2596 1098 2658 Tyrrhena
1124 2595 1359 2658 Gylippo,

168 2662 338 2707 horum
366 2677 515 2707 unum
540 2662 597 2708 ad
621 2663 847 2720 medium,
876 2663 1043 2710 teritur
1068 2680 1160 2725 qua
1185 2662 1337 2709 sutilis
1364 2661 1468 2708 alvo

338 2748 411 2788 245
445 2740 702 2788 praestantius.
814 2742 891 2791 264
921 2742 1132 2780 unanimes.
1191 2743 1352 2780 densete.
