1866 3208
324 231 400 270 322
771 221 814 258 P.
843 220 1078 258 VERGILI
1108 221 1367 260 MARoms

386 328 641 375 debueram
665 327 843 390 patriae
867 345 1043 390 poenas
1067 329 1277 392 odiisque
1302 345 1545 377 meorum:

385 411 550 441 omnes
574 412 658 457 per
682 407 855 440 mortes
880 394 1085 442 animam
1110 409 1294 442 sontem
1319 395 1416 457 ipse
1442 396 1687 445 dedissem.

385 478 515 508 nunc
543 461 668 517 vivo,
693 477 848 524 neque
869 461 1023 508 adhuc
1049 463 1264 509 homines
1290 463 1543 525 lucemque
1563 463 1810 527 relinquo:

385 528 465 573 sed
491 527 736 590 linquam.'
808 527 945 574 simul
972 529 1062 575 hoc
1088 529 1249 576 dicens
1274 529 1447 576 attollit
1471 529 1520 576 in
1547 546 1736 591 aegrum

384 611 430 640 se
458 594 626 650 femur,
651 607 714 651 et,
739 611 1024 657 quamquam
1049 595 1116 642 vis
1143 597 1237 642 alto
1263 596 1456 642 vulnere
1483 597 1647 653 tardat,

383 660 509 706 haud
533 660 744 707 deiectus
770 677 945 724 equum
971 662 1081 708 duci
1107 662 1254 710 iubet.
1324 664 1413 708 hoc
1440 662 1585 709 decus
1608 663 1698 720 illi,

384 728 472 773 hoc
501 727 707 774 solamen
735 742 830 775 erat
852 748 865 784 ;
903 728 1036 774 bellis
1062 730 1150 775 hoc
1177 730 1327 776 victor
1351 729 1506 775 abibat

384 793 619 841 omnibus.
691 794 961 857 adloquitur
985 809 1290 852 maerentem,
1316 809 1363 842 et
1389 795 1557 842 talibus
1583 796 1714 844 infit:
1753 812 1814 843 860

351 865 364 884 ‘
384 860 590 917 Rhaebe,
619 861 717 918 diu,
742 878 811 907 res
838 862 872 907 si
901 880 991 924 qua
1015 862 1095 908 diu
1121 862 1393 909 mortalibus
1420 863 1516 908 ulla
1539 875 1623 919 est,

383 927 602 974 viximuS.
675 941 752 974 aut
778 929 916 974 hodie
942 929 1091 975 victor
1116 930 1259 992 spolia
1285 929 1365 975 illa
1390 943 1586 976 cruenta

383 1007 430 1040 et
457 1006 598 1055 caput
623 995 814 1040 Aeneae
840 996 1027 1053 referes,
1054 996 1287 1059 Lausique
1313 996 1528 1042 dolorum

385 1061 508 1107 ultor
533 1060 621 1107 eris
646 1078 854 1118 mecum,
880 1075 975 1119 aut,
1001 1063 1148 1124 aperit
1173 1063 1208 1109 si
1235 1063 1365 1109 nulla
1391 1063 1513 1108 viam
1538 1062 1621 1118 vis,

383 1127 636 1174 occumbes
661 1128 848 1191 pariter.
921 1145 1074 1191 neque
1101 1129 1246 1186 enim,
1272 1130 1538 1185 fortissime,
1563 1129 1718 1184 credo,

382 1193 502 1240 iussa
527 1195 678 1240 aliena
703 1195 796 1257 pati
824 1208 869 1241 et
895 1195 1110 1242 dominos
1135 1196 1388 1258 dignabere
1415 1194 1660 1242 Teucros.'

381 1260 514 1318 dixit,
542 1274 587 1307 et
613 1275 838 1323 exceptus
867 1275 996 1323 tergo
1023 1277 1245 1309 consueta
1270 1262 1441 1308 locavit

382 1328 609 1384 membra,
635 1345 894 1391 manusque
920 1330 1075 1375 ambas
1100 1329 1263 1376 iaculis
1289 1329 1499 1375 oneravit
1525 1329 1691 1385 acuti5‚

382 1411 484 1440 aere
511 1408 651 1457 caput
677 1395 878 1455 fulgens,
906 1396 1137 1458 cristaque
1164 1396 1364 1442 hirsutus
1390 1395 1577 1458 equina.
1865 1448 1866 1451 Ἰ

383 1461 446 1507 sic
470 1478 657 1507 cursum
679 1462 726 1507 in
749 1462 925 1508 medios
947 1462 1130 1524 rapidus
1151 1462 1296 1509 dedit.
1368 1476 1544 1509 aestuat
1564 1462 1729 1524 ingens
1755 1476 1816 1516 870

382 1545 478 1574 uno
503 1528 551 1574 in
579 1528 718 1574 corde
744 1529 896 1591 pudor
921 1529 1165 1592 mixtoque
1192 1528 1369 1575 insania
1394 1529 1545 1585 luctu,

381 1594 450 1656 [et
478 1595 608 1641 furiis
635 1595 831 1656 agitatus
857 1613 1002 1652 arnor,
1029 1610 1075 1643 et
1101 1596 1288 1642 conscia
1312 1595 1497 1656 virtus]

381 1675 522 1724 atque
548 1661 624 1708 hic
652 1663 849 1708 Aenean
878 1679 1045 1722 magna
1071 1676 1141 1709 ter
1168 1679 1283 1709 voce
1309 1662 1510 1708 vocavit.

380 1729 564 1774 Aeneas
589 1729 812 1789 adgnovit
839 1729 985 1785 enim,
1012 1730 1253 1791 laetusque
1279 1741 1494 1790 precatur
1519 1747 1529 1774 ε

348 1800 361 1819 ‘
379 1794 443 1840 sic
470 1809 602 1856 pater
627 1795 709 1841 ille
737 1795 879 1840 deum
906 1795 1058 1850 faciat,
1087 1795 1150 1841 sic
1178 1796 1296 1841 altus
1320 1795 1492 1857 Apollo
1515 1794 1523 1841 !

380 1861 580 1923 incipias
606 1862 822 1907 conferre
850 1862 1077 1907 manum.'

380 1941 564 1975 tantum
591 1929 773 1984 effatuS‚
800 1941 846 1974 et
872 1928 1041 1974 infesta
1067 1927 1192 1975 subit
1218 1928 1381 1974 obvius
1406 1930 1547 1974 hasta.

380 1994 461 2041 ille
487 2008 645 2041 autern
671 2013 680 2040 :
720 2000 732 2020 ‘
749 1995 862 2058 quid
889 2011 963 2041 me
991 2008 1165 2056 erepto,
1194 1994 1474 2051 saevissime,
1500 2007 1609 2040 nato

381 2065 559 2108 terres?
630 2063 743 2107 haec
769 2061 842 2107 via
868 2062 962 2107 sola
988 2061 1093 2116 fuit,
1121 2079 1213 2123 qua
1238 2061 1432 2123 perdere
1459 2077 1624 2122 posses.

380 2145 467 2175 nec
496 2141 695 2175 mortem
721 2130 980 2185 horremuS‚
1006 2145 1094 2174 nec
1120 2128 1280 2174 divom
1308 2128 1539 2189 parcimus
1566 2128 1668 2174 ulli.
1755 2141 1816 2173 880

378 2195 538 2242 desine
564 2214 573 2242 :
612 2212 720 2242 nam
747 2195 887 2241 venio
911 2195 1182 2251 morituruS,
1208 2208 1254 2241 et
1280 2196 1394 2240 haec
1422 2194 1505 2240 tibi
1533 2207 1666 2255 porto

379 2262 500 2307 dona
524 2260 680 2324 priuS.'
751 2262 889 2318 dixit,
914 2262 1159 2324 telumque
1186 2261 1370 2307 intorsit
1395 2260 1443 2305 in
1470 2261 1650 2306 hostem
1674 2280 1687 2315 ;

380 2328 488 2374 inde
516 2329 643 2374 aliud
669 2346 806 2390 super
832 2341 973 2390 atque
999 2328 1128 2374 aliud
1154 2327 1347 2389 figitque
1373 2327 1591 2388 volatque

380 2394 558 2454 ingenti
586 2411 699 2455 gyro
722 2416 735 2450 ;
773 2395 853 2440 sed
879 2394 1076 2440 sustinet
1103 2410 1266 2439 aureus
1294 2393 1451 2439 umbo.

381 2474 449 2506 ter
475 2461 657 2506 circum
684 2461 945 2506 adstantem
973 2461 1127 2506 laevos
1152 2459 1380 2522 equitavit
1405 2459 1454 2504 in
1481 2459 1631 2515 orbes,

380 2528 474 2574 tela
501 2544 642 2573 manu
671 2527 844 2573 iaciens
867 2547 881 2583 ;
917 2539 988 2572 ter
1014 2543 1173 2573 secum
1200 2526 1376 2571 Tro'1'us
1401 2527 1534 2572 heros

381 2593 626 2640 inmanem
652 2606 804 2640 aerato
829 2593 1103 2639 circumfert
1129 2592 1338 2654 tegmine
1365 2592 1544 2640 silvam.

382 2660 495 2708 inde
522 2660 600 2710 ubi
629 2673 696 2708 tot
721 2660 910 2707 traxisse
936 2676 1098 2716 moras,
1126 2672 1195 2706 tot
1221 2659 1399 2722 spicula
1424 2659 1576 2706 taedet

721 2737 796 2788 857
828 2740 964 2776 tardet.
1091 2736 1164 2787 883
1196 2737 1378 2787 fugitque.
