1861 3256
245 275 316 313 168
694 275 737 313 P.
767 274 1002 313 VERGILI
1032 276 1293 315 MARONIS

308 396 449 427 mene
461 380 579 441 fugis
595 385 611 426 ?
629 397 714 442 per
727 397 810 440 ego
821 382 902 427 has
915 381 1126 429 lacrimas
1139 383 1451 446 dextramque
1463 396 1593 430 tuam
1604 397 1736 442 te,—

307 447 499 509 quando
526 447 654 492 aliud
680 446 797 492 mihi
824 447 917 494 iam
943 448 1137 496 miserae
1164 450 1284 496 nihil
1311 449 1409 510 ipsa
1434 450 1673 512 reliqui—

305 529 392 575 per
417 512 621 558 conubia
648 525 821 571 nostra,
847 530 932 576 per
956 514 1169 577 inceptos
1194 517 1498 578 hymenaeos,

306 579 343 625 si
369 579 492 624 bene
518 578 633 641 quid
658 579 717 625 de
744 591 791 625 te
817 580 983 638 merui,
1010 582 1101 628 fuit
1126 595 1206 628 aut
1231 581 1315 628 tibi
1343 581 1596 644 quicquam

305 644 447 690 dulce
473 661 648 702 meum,
688 645 909 693 miserere
934 647 1100 694 domus
1127 648 1345 705 labentis,
1375 661 1421 694 et
1446 649 1596 706 istam,

304 727 402 768 oro,
430 710 464 756 si
492 711 593 773 quis
619 711 773 758 adhuc
797 713 1015 775 precibus
1043 715 1187 772 locus,
1215 731 1333 761 exue
1359 727 1588 762 mentem.

306 789 354 823 te
382 790 575 839 propter
602 778 811 840 Libycae
837 793 1002 840 gentes
1029 781 1400 843 Nomadumque
1428 781 1615 842 tyranni
1677 806 1739 837 320

304 844 464 900 odere,
488 843 663 890 infensi
692 846 866 906 Tyrii;
905 860 951 893 te
976 861 1169 910 propter
1196 847 1403 894 eundem

306 909 567 957 exstinctus
592 911 760 973 pudor,
790 926 850 970 et,
880 930 971 975 qua
999 915 1093 960 sola
1119 914 1268 960 sidera
1294 914 1497 972 adibam,

304 977 429 1022 fama
454 976 596 1039 prior.
668 978 744 1024 cui
772 996 848 1025 me
876 980 1211 1027 moribundam
1236 980 1424 1039 deseris,
1451 982 1651 1043 hospes?

302 1044 394 1090 hoc
421 1043 575 1090 solum
602 1061 778 1090 nomen
807 1046 1033 1108 quoniam
1063 1048 1122 1093 de
1149 1047 1349 1108 coniuge
1374 1060 1533 1094 restat.

303 1109 418 1172 quid
444 1114 631 1156 moror?
669 1128 727 1156 an
755 1128 859 1158 mea
890 1112 1167 1173 Pygmalion
1199 1114 1314 1160 dum
1340 1114 1529 1160 moenia
1555 1114 1697 1160 frater

303 1177 526 1234 destruat,
554 1190 631 1223 aut
658 1190 843 1239 captam
871 1179 1013 1226 ducat
1039 1180 1273 1226 Gaetulus
1300 1181 1490 1226 Iarbas?

303 1243 470 1290 saltem
497 1243 531 1290 si
559 1261 649 1306 qua
675 1244 793 1290 mihi
820 1245 879 1290 de
906 1258 952 1292 te
978 1259 1192 1308 suscepta
1218 1246 1379 1293 fuisset

303 1323 413 1356 ante
440 1311 598 1371 fugam
625 1311 826 1368 suboles,
855 1311 889 1357 si
918 1312 1019 1374 quis
1046 1312 1162 1358 mihi
1188 1313 1411 1375 parvulus
1436 1313 1542 1360 aula

303 1376 489 1423 luderet
513 1378 713 1435 Aeneas,
742 1378 822 1440 qui
850 1391 894 1424 te
924 1391 1082 1425 tamen
1110 1396 1189 1425 ore
1214 1380 1426 1436 referret,

302 1460 398 1489 non
427 1443 650 1506 equidem
677 1444 876 1490 omnino
904 1459 1041 1506 capta
1067 1462 1116 1491 ac
1144 1445 1327 1491 deserta
1352 1445 1572 1492 viderer.’
1674 1470 1735 1501 330

367 1510 567 1556 dixerat.
638 1511 721 1557 ille
749 1511 873 1557 Iovis
902 1511 1094 1557 monitis
1120 1511 1300 1558 inmota
1327 1512 1521 1558 tenebat

301 1577 497 1632 lumina,
526 1590 571 1623 et
596 1578 799 1623 obnixus
828 1595 989 1624 curam
1017 1579 1100 1624 sub
1128 1579 1270 1625 corde
1294 1579 1555 1641 premebat.

301 1644 494 1690 tandem
519 1661 668 1706 pauca
695 1644 871 1690 refert:
910 1649 924 1669 ‘
941 1661 1026 1705 ego
1053 1658 1115 1701 te,
1142 1662 1262 1707 quae
1292 1645 1496 1707 plurima
1522 1645 1668 1692 fando

301 1726 580 1756 enumerare
606 1711 751 1767 vales,
779 1727 1058 1773 numquam,
1088 1711 1285 1771 Regina,
1313 1712 1494 1772 negabo

299 1776 637 1838 promeritam;
675 1794 762 1823 nec
791 1794 865 1823 me
893 1777 1166 1823 meminisse
1191 1777 1370 1838 pigebit
1400 1777 1590 1835 Elissae,
1853 1827 1855 1833 y

299 1843 413 1889 dum
438 1859 620 1889 memor
646 1842 745 1905 ipse
773 1843 882 1901 mei,
911 1844 1025 1889 dum
1053 1843 1239 1906 spiritus
1264 1845 1348 1890 hos
1374 1844 1494 1904 regit
1519 1858 1659 1891 artuS.
1847 1870 1855 1894 ι

298 1927 383 1972 pro
403 1927 452 1955 re
471 1927 623 1972 pauca
641 1910 822 1973 loquar.
863 1927 1019 1972 neque
1042 1927 1125 1971 ego
1151 1911 1273 1957 hanc
1296 1910 1586 1956 abscondere
1608 1911 1733 1957 furto
1849 1911 1855 1932 ³

298 1975 496 2038 speravi,
525 1993 586 2022 ne
613 1976 751 2036 finge,
781 1977 971 2037 fugam3
1009 1994 1096 2023 nec
1125 1976 1335 2037 coniugis
1363 1994 1588 2040 umquam

297 2042 545 2105 praetendi
573 2043 747 2100 taedas,
779 2056 857 2088 aut
882 2044 1000 2089 haec
1027 2043 1076 2089 in
1105 2043 1294 2089 foedera
1320 2043 1447 2090 veni.

298 2126 375 2155 me
401 2109 436 2155 si
463 2110 558 2155 fata
584 2109 700 2155 meis
729 2123 1007 2171 paterentur
1033 2111 1206 2156 ducere
1231 2109 1377 2156 vitam
1673 2135 1734 2165 340

298 2175 529 2238 auspiciis,
558 2190 605 2222 et
631 2190 798 2238 sponte
825 2193 929 2223 mea
955 2193 1240 2239 componere
1267 2193 1415 2234 curas,

297 2243 464 2289 urbem
492 2242 758 2289 Troianam
785 2244 993 2306 primum
1020 2244 1275 2307 dulcesque
1301 2259 1515 2289 meorum

297 2309 518 2371 reliquias
546 2309 791 2367 colerem3
831 2311 1001 2357 Priami
1030 2324 1154 2357 tecta
1180 2311 1274 2356 alta
1300 2322 1561 2366 manerent,

298 2389 344 2421 et
368 2375 575 2421 recidiva
603 2393 747 2423 manu
774 2377 1032 2438 posuissem
1061 2377 1283 2437 Pergama
1308 2375 1460 2421 victis.

298 2441 378 2488 sed
403 2457 531 2488 nunc
561 2443 748 2489 Italiam
776 2459 996 2503 magnam
1023 2444 1245 2504 Gryneus
1270 2442 1460 2504 Apollo,

298 2507 488 2555 Italiam
515 2509 689 2569 Lyciae
716 2509 890 2555 iussere
917 2526 1157 2571 capessere
1183 2521 1341 2555 sortes.

296 2574 374 2621 hic
403 2592 547 2633 amor,
576 2577 691 2622 haec
720 2575 868 2637 patria
896 2589 979 2622 est.
1050 2575 1084 2621 si
1113 2588 1159 2621 te
1187 2574 1487 2635 Carthaginis
1514 2591 1640 2622 arces

300 2641 608 2688 Phoenissam
634 2642 939 2704 Libycaeque
965 2654 1179 2704 aspectus
1205 2641 1392 2688 detinet
1417 2641 1560 2698 urbis,

298 2725 418 2770 quae
445 2709 655 2766 tandem,
671 2708 888 2765 ¹Ausonia
915 2708 1130 2754 Teucros
1156 2708 1402 2754 considere
1430 2722 1566 2765 terra,

296 2774 476 2821 invidia
502 2779 599 2822 est?
637 2789 683 2821 et
708 2792 791 2821 nos
817 2775 883 2820 fas
911 2788 1069 2821 extera
1099 2792 1320 2837 quaerere
1346 2791 1505 2836 regna.
1668 2798 1729 2829 350
