1861 3256
615 259 891 298 AENEIDos
922 260 1024 298 LIB.
1053 261 1096 298 v
1530 262 1573 298 18
1580 272 1599 312 5

173 370 370 417 interior
394 368 642 432 spatioque
668 366 795 413 subit
823 368 1063 428 Sergestus
1089 367 1271 431 iniquo,

173 437 342 483 infelix
369 436 487 483 saxis
514 435 563 481 in
588 434 977 497 procurrentibus
1004 434 1170 482 haesit.

172 520 426 550 concussae
453 514 628 559 cautes,
657 513 704 547 et
729 513 870 547 acuto
896 501 946 546 in
973 501 1155 548 murice
1180 501 1300 548 remi

171 570 335 616 obnixi
362 585 604 632 crepuere,
630 567 866 629 inlisaque
891 585 1028 629 prora
1053 568 1303 631 pependit.

172 649 464 697 consurgunt
491 648 678 692 nautae,
707 647 754 680 et
780 650 952 694 magno
979 635 1186 681 clamore
1213 646 1473 692 morantur,

170 704 461 765 ferratasque
489 701 647 748 trudes
675 713 722 747 et
747 714 884 747 acuta
913 701 1109 763 cuspide
1135 714 1300 748 contos

171 769 451 832 expediunt,
479 770 747 830 fractosque
775 767 982 828 legunt
970 785 1019 813 1n
1045 768 1228 828 gurgite
1253 785 1424 815 remos.

170 849 217 882 at
243 837 394 882 laetus
423 836 708 881 Mnestheus
735 851 1051 909 successuque
1078 835 1228 881 acrior
1253 834 1356 897 ipso
1545 860 1607 880 210

169 902 358 964 agmine
384 919 622 949 remorum
648 901 793 948 celeri
820 901 1073 964 ventisque
1098 901 1276 948 vocatis

165 987 317 1032 prona
342 969 465 1032 petit
489 969 650 1026 maria,
679 982 725 1015 et
750 969 918 1031 pelago
946 968 1158 1015 decurrit
1183 981 1362 1031 aperto.

168 1036 318 1099 qualis
345 1037 571 1099 spelunca
598 1035 755 1081 subito
781 1048 1020 1082 commota
1047 1036 1284 1094 columba,

167 1103 244 1150 cui
270 1103 438 1149 domus
465 1116 512 1149 et
537 1103 701 1149 dulces
727 1102 964 1148 latebroso
989 1103 1039 1148 in
1064 1102 1258 1165 pumice
1283 1101 1402 1159 nidi,

166 1170 320 1216 fertur
344 1169 395 1216 in
421 1187 528 1215 arva
553 1169 732 1227 volans,
760 1169 1079 1232 plausumque
1106 1169 1331 1215 exterrita
1356 1167 1518 1231 pinnis

167 1236 248 1283 dat
275 1249 404 1283 tecto
430 1236 692 1297 ingentem,
721 1253 832 1282 mox
860 1244 963 1282 aere
990 1237 1118 1299 lapsa
1143 1235 1308 1299 quieto

167 1303 291 1350 radit
317 1303 406 1350 iter
433 1302 687 1366 liquidum,
716 1303 895 1349 celeres
924 1319 1081 1366 neque
1107 1315 1379 1349 commovet
1405 1302 1531 1348 alas:

169 1370 233 1417 sic
262 1371 565 1427 MnestheuS,
593 1369 658 1416 sic
686 1369 783 1432 ipsa
811 1370 921 1430 fuga
948 1382 1075 1416 secat
1101 1369 1271 1415 ultima
1298 1368 1462 1415 Pristis

168 1454 388 1500 aequora,
415 1436 481 1483 sic
507 1436 640 1482 illam
667 1436 761 1483 fert
788 1435 995 1499 impetus
1021 1435 1121 1498 ipse
1145 1437 1406 1482 volantem.

168 1517 216 1549 et
239 1503 450 1566 primum
476 1502 526 1550 in
553 1503 750 1566 scopulo
778 1503 1047 1549 luctantem
1073 1502 1248 1549 deserit
1274 1503 1372 1548 alto
1546 1527 1609 1548 220

169 1571 440 1630 Sergestum
466 1569 785 1633 brevibusque
812 1569 959 1627 vadis,
987 1570 1255 1632 frustraque
1280 1582 1536 1616 vocantem

167 1637 358 1693 auxilia,
387 1650 433 1683 et
459 1636 619 1683 fractis
645 1636 915 1683 discentem
941 1652 1130 1682 currere
1156 1636 1311 1682 remis.

165 1703 280 1750 inde
307 1704 451 1765 Gyan
476 1703 722 1766 ipsamque
750 1702 936 1763 ingenti
964 1703 1090 1749 mole
1119 1702 1425 1749 Chimaeram

166 1770 507 1832 consequitur3
544 1769 688 1827 cedit,
718 1769 947 1833 quoniam
974 1769 1173 1832 spoliata
1199 1769 1422 1830 magistro
1450 1783 1536 1816 est.

165 1837 288 1883 solus
314 1836 506 1900 iamque
531 1836 633 1900 ipso
662 1850 876 1899 superest
900 1837 951 1883 in
978 1837 1072 1882 fine
1100 1836 1383 1895 Cloanthus,

164 1920 309 1967 quem
333 1903 473 1966 petit,
501 1916 549 1950 et
575 1904 770 1950 summis
801 1903 1002 1950 adnixus
1028 1903 1205 1950 viribus
1233 1917 1416 1965 urguet.

164 1984 268 2017 tum
291 1987 405 2017 vero
430 1970 696 2032 ingeminat
723 1972 917 2029 clamor,
945 1970 1206 2033 cunctique
1232 1984 1515 2034 sequentem

163 2037 394 2099 instigant
419 2038 602 2096 studiis,
631 2051 917 2101 resonatque
944 2037 1206 2098 fragoribus
1232 2039 1411 2084 aether.

161 2105 213 2151 hi
238 2105 486 2168 proprium
512 2105 656 2151 decus
685 2118 731 2151 et
758 2117 950 2168 partum
976 2104 1290 2165 indignantur
1313 2105 1547 2150 honorem

163 2172 214 2219 ni
241 2185 455 2231 teneant,
482 2172 726 2236 vitamque
753 2172 925 2218 volunt
950 2188 1036 2245 pro
1061 2171 1202 2217 laude
1226 2170 1435 2233 pacisci3
1542 2197 1604 2226 230

98 2246 105 2263 ’·
162 2240 248 2287 hos
275 2256 515 2287 successus
543 2239 656 2286 alit:
693 2251 909 2314 possunt,
938 2237 1047 2301 quia
1071 2254 1208 2300 posse
1232 2236 1474 2285 videntur.

166 2319 214 2353 et
237 2307 332 2353 fors
359 2305 571 2369 aequatis
598 2306 837 2368 cepissent
862 2303 1074 2368 praemia
1099 2303 1274 2363 rostris,

167 2372 217 2418 ni
241 2373 419 2434 palmas
444 2386 596 2436 ponto
623 2373 825 2419 tendens
854 2384 1079 2435 utrasque
1106 2371 1376 2418 Cloanthus

168 2438 460 2503 fudissetque
487 2457 666 2502 preces,
693 2438 962 2502 divosque
950 2456 1000 2484 1n
1026 2451 1136 2484 vota
1161 2451 1402 2485 vocasset:

137 2509 150 2529 ⁶
169 2504 233 2562 di,
251 2506 419 2567 quibus
440 2507 696 2569 imperium
718 2519 787 2553 est
805 2505 976 2569 pelagi,
995 2522 1200 2569 quorum
1220 2522 1424 2568 aequora
1445 2521 1598 2561 curro,

168 2571 300 2616 vobis
325 2572 474 2619 laetus
502 2591 586 2633 ego
611 2575 703 2620 hoc
731 2573 1022 2619 candentem
1048 2571 1099 2618 in
1126 2571 1265 2618 litore
1292 2585 1482 2618 taurum

169 2636 457 2684 constituam
482 2652 592 2686 ante
618 2657 731 2697 aras,
757 2639 856 2685 voti
883 2655 1004 2696 rem,
1032 2651 1237 2701 extaque
1264 2638 1403 2683 salsos

168 2702 397 2765 proiciam
422 2703 473 2750 in
498 2704 686 2764 fluctus,
714 2718 761 2752 et
789 2705 901 2751 vina
928 2704 1164 2767 liquentia
1189 2702 1423 2750 fundam.'

530 2781 604 2818 208
636 2783 756 2819 sudes.
815 2781 889 2830 238
921 2781 1133 2829 porriciam.
