1861 3256
711 277 754 315 P.
783 275 1018 314 VERGILI
1047 275 1305 314 MARONIS

336 397 531 448 stuppea
557 396 854 447 torquentem
882 383 1085 430 Balearis
1110 385 1302 431 verbera
1326 384 1516 440 fundae,

335 469 446 498 cum
472 452 553 497 nix
580 452 671 497 alta
697 451 834 506 iacet,
861 449 1057 510 glaciem
1082 468 1192 498 cum
1217 450 1415 497 flumina
1439 450 1652 499 trudunt.
1695 460 1758 506 '310

403 518 518 580 quid
543 529 839 577 tempestates
865 517 1080 563 autumni
1107 530 1154 563 et
1179 517 1325 564 sidera
1350 517 1519 574 dicam,

335 598 488 647 atque,
518 583 595 628 ubi
622 582 714 628 iam
740 582 1016 646 breviorque
1041 583 1138 629 dies
1164 597 1211 630 et
1236 584 1423 629 mollior
1447 596 1603 639 aestas,

335 667 451 713 quae
476 649 711 708 vigilanda
735 649 844 694 viris
866 670 880 706 3
914 650 990 696 vel
1017 667 1126 697 cum
1151 651 1243 696 ruit
1267 650 1564 696 imbriferum
1588 667 1682 708 ver,

335 716 491 777 spicea
516 715 609 760 iam
636 716 811 777 campis
837 732 947 762 cum
973 717 1131 762 messis
1157 716 1404 774 inhorruit,
1432 729 1479 762 et
1504 733 1615 763 cum

260 791 267 799 ⁸
318 781 571 828 'frumenta
594 781 643 827 in
670 781 807 828 viridi
834 782 1004 845 stipula
1030 783 1253 829 lactentia
1278 786 1501 843 turgent?

333 865 468 910 saepe
495 865 595 909 ego,
624 865 733 895 cum
758 848 886 894 flavis
911 866 1162 896 messorem
1188 849 1434 896 induceret
1459 849 1574 895 arvis

333 915 534 981 agricola
561 928 607 960 et
633 915 783 976 fragili
809 916 901 961 iarn
927 916 1175 978 stringeret
1199 917 1371 962 hordea
1397 916 1571 972 culmo,

334 981 503 1045 omnia¹
519 994 768 1027 ventorum
793 999 1073 1029 concurrere
1097 983 1278 1045 proelia
1301 982 1412 1040 vidi,

334 1065 451 1110 quae
477 1048 714 1109 gravidam
741 1048 833 1094 late
860 1062 1061 1109 segetem
1088 1050 1144 1096 ab
1167 1049 1438 1096 radicibus
1426 1049 1530 1095 imis

334 1115 584 1176 sublimem
610 1115 854 1177 expulsam
879 1129 1115 1174 eruerent,
1139 1116 1203 1163 ita
1228 1116 1414 1163 turbine
1441 1116 1573 1176 nigro
1699 1140 1760 1170 320

334 1182 477 1234 ferret
503 1182 685 1244 hiemps
712 1181 1018 1245 culmumque
1043 1184 1197 1229 levem
1223 1182 1506 1246 stipulasque
1532 1182 1757 1230 volantes.

333 1266 466 1311 saepe
493 1249 634 1294 etiam
661 1249 930 1294 inmensum
956 1250 1086 1295 caelo
1111 1250 1241 1296 venit
1267 1266 1433 1310 agmen
1460 1266 1702 1312 aquarum,

334 1330 379 1361 et
406 1315 592 1361 foedam
617 1316 879 1375 glomerant
904 1328 1231 1378 tempestatem
1256 1316 1485 1362 imbribus
1511 1315 1617 1362 atris

333 1382 560 1447 collectae
587 1399 645 1427 ex
673 1382 768 1428 alto
793 1382 940 1428 nubes
963 1403 977 1439 ;
1012 1382 1106 1428 ruit
1132 1383 1298 1428 arduus
1325 1383 1501 1439 aether,

334 1463 380 1494 et
404 1448 565 1510 pluvia
591 1448 773 1508 ingenti
800 1463 894 1495 sata
919 1449 1041 1495 laeta
1065 1449 1302 1511 boumque
1330 1449 1508 1494 labores

333 1515 474 1562 diluit
496 1534 509 1569 ;
546 1515 793 1577 inplentur
818 1516 964 1561 fossae
991 1528 1037 1562 et
1064 1532 1177 1561 cava
1201 1514 1397 1561 flumina
1424 1527 1643 1562 crescunt

333 1598 442 1628 cum
469 1582 625 1628 sonitu
653 1582 895 1645 fervetque
922 1582 1050 1628 fretis
1077 1582 1356 1644 spirantibus
1384 1599 1568 1645 aequor.

332 1649 430 1710 ipse
459 1649 594 1694 Pater
620 1648 774 1694 media
801 1649 1072 1695 nimborum
1098 1649 1147 1694 in
1175 1662 1313 1695 nocte
1340 1665 1534 1696 corusca

332 1715 533 1761 fulmina
558 1715 751 1761 molitur
777 1715 939 1761 dextra
960 1734 974 1769 ;
1011 1732 1104 1778 quo
1129 1715 1336 1761 maxima
1359 1727 1492 1762 motu

332 1794 452 1827 terra
477 1781 635 1828 tremit
657 1801 671 1838 ;
708 1781 869 1841 fugere
897 1782 1018 1827 ferae
1046 1794 1092 1828 et
1118 1781 1331 1828 mortalia
1355 1781 1495 1828 corda
1699 1806 1762 1836 330

333 1865 413 1910 per
437 1862 600 1908 gentes
626 1847 818 1894 humilis
845 1848 1007 1895 stravit
1031 1866 1178 1911 pavor
1201 1869 1214 1906 ;
1251 1848 1331 1894 ille
1357 1847 1569 1908 flagranti

333 1929 411 1961 aut
435 1916 598 1961 Athon
625 1927 703 1961 aut
730 1914 996 1976 Rhodopen
1024 1927 1103 1961 aut
1129 1916 1223 1961 alta
1249 1915 1483 1961 Ceraunia
1509 1914 1605 1960 telo

332 1981 476 2028 deicit
499 2002 512 2038 ;
548 1981 845 2042 ingeminant
870 1981 1029 2027 Austri
1056 1994 1102 2028 et
1127 1981 1426 2028 densissimus
1452 1981 1604 2027 imber
1625 2000 1638 2034 ;

332 2065 462 2094 nunc
490 2065 679 2094 nemora
707 2048 888 2108 ingenti
917 2061 1071 2105 vento,
1101 2065 1228 2094 nunc
1257 2049 1389 2094 litora
1415 2048 1661 2109 plangunt.

332 2116 419 2160 htc
447 2130 664 2161 metuens
691 2115 808 2161 caeli
837 2132 1020 2161 menses
1047 2129 1092 2161 et
1118 2115 1264 2161 sidera
1288 2132 1432 2170 serva,

332 2182 498 2242 frigida
526 2182 710 2228 Saturni
739 2199 833 2228 sese
861 2200 954 2245 quo
979 2183 1111 2228 stella
1135 2195 1380 2257 receptet3
1466 2178 1470 2189 ⁸

333 2265 446 2310 quos
472 2249 589 2309 ignis
617 2249 749 2295 caelo
779 2249 1028 2310 Cyllenius
1055 2262 1174 2295 erret
1199 2249 1247 2294 in
1274 2249 1422 2294 orbes.

333 2314 382 2360 in
408 2315 567 2376 primis
593 2332 818 2362 venerare
845 2316 968 2374 deoe,
995 2329 1132 2379 atque
1158 2332 1313 2361 annua
1338 2330 1532 2374 magnae

333 2398 458 2428 sacra
480 2383 601 2428 refer
628 2383 792 2429 Cereri
821 2383 952 2428 laetis
978 2394 1190 2444 operatus
1215 2382 1264 2427 in
1291 2381 1443 2426 herbis

334 2461 570 2494 extremae
595 2449 679 2494 sub
705 2466 862 2495 casum
887 2448 1110 2506 hiemis,
1099 2465 1190 2494 lam
1215 2464 1322 2493 vere
1348 2463 1526 2493 sereno.
1700 2469 1761 2500 340

333 2528 434 2562 tum
459 2515 656 2577 pingues
683 2515 862 2575 agnifet
887 2528 988 2561 tum
1014 2514 1286 2560 mollissima
1312 2513 1434 2570 vina,
1712 2576 1714 2579 .

334 2595 436 2628 tum
461 2582 612 2636 somni
639 2582 800 2627 dulces
827 2581 1093 2644 densaeque
1120 2580 1167 2626 in
1195 2580 1433 2626 montibus
1460 2579 1670 2626 umbrae.

335 2661 508 2695 cuncta
534 2644 618 2694 tibi
646 2648 871 2695 Cererem
896 2647 1042 2710 pubes
1070 2647 1259 2708 agrestis
1283 2647 1442 2693 adoret
1465 2668 1477 2701 ;

287 2714 293 2723 '
335 2715 412 2762 cui
439 2728 489 2762 tu
515 2715 638 2762 lacte
664 2714 791 2761 favos
819 2728 865 2761 et
890 2714 992 2760 miti
1019 2714 1147 2760 dilue
1173 2715 1379 2771 Baccho,

639 2803 712 2841 327
742 2791 1018 2841 spumantibus.
1132 2802 1206 2840 334
1237 2791 1394 2841 plangit.
