1866 3208
228 218 303 257 206
675 218 717 257 P.
747 215 980 255 VERGILI
1010 216 1265 256 MARONIS

297 326 393 372 iam
418 324 610 372 tandem
636 323 804 369 Italiae
830 322 1062 383 fugientes
1087 323 1362 386 prendimus
1386 339 1485 370 oras
1507 344 1519 381 3

297 393 385 438 hac
412 391 624 437 Troiana
647 401 784 435 tenus
810 388 954 435 fuerit
979 389 1170 437 fortuna
1195 402 1370 437 secuta.

297 475 378 504 vos
404 472 594 519 quoque
623 455 903 516 Pergameae
929 455 1023 503 iam
1048 457 1114 503 fas
1141 469 1209 503 est
1233 472 1424 519 parcere
1449 456 1594 517 genti,

298 525 440 586 dique
467 523 676 583 deaeque
701 537 879 580 omnes,
906 522 1075 585 quibus
1100 523 1282 570 obstitit
1307 522 1453 569 Ilium
1480 535 1526 569 et
1551 523 1718 586 ingens

297 589 441 650 gloria
467 587 754 635 Dardaniae.
827 600 986 651 tuque,
1013 606 1040 635 o
1065 589 1353 636 sanctissima
1378 601 1521 647 vateS,

297 654 504 718 praescia
527 654 732 712 venturi,
759 654 982 701 da—non
1008 656 1221 702 indebita
1245 672 1386 717 posco

298 738 440 782 regna
467 720 582 767 meis
610 720 924 767 fatis—Latio
949 722 1192 769 considere
1219 722 1451 779 Teucros,

299 800 597 850 errantesque
623 787 734 833 deos
761 787 1026 851 agitataque
1052 788 1250 835 numina
1276 788 1470 835 Troiae.

300 868 402 901 tum
430 854 620 900 Phoebo
645 866 692 900 et
718 853 913 900 Triviae
939 855 1090 901 solido
1114 856 1172 901 de
1199 871 1426 901 marmore
1453 855 1689 917 templum

299 920 560 977 instituam,
588 920 824 982 festosque
850 920 948 967 dies
974 922 1033 968 de
1060 921 1254 967 nomine
1283 921 1479 968 Phoebi.
1683 947 1724 976 70

300 1001 346 1034 te
372 1003 561 1050 quoque
587 1003 755 1047 magna
780 1000 977 1034 manent
1003 988 1155 1049 regnis
1179 988 1443 1050 penetralia
1469 987 1669 1044 nostris3

299 1054 377 1100 hic
406 1071 490 1115 ego
518 1069 723 1115 namque
752 1065 853 1099 tuas
880 1067 1024 1100 sortes
1052 1071 1317 1117 arcanaque
1344 1054 1455 1111 fata,

299 1121 428 1167 dicta
452 1137 583 1165 meae
608 1119 757 1180 genti,
783 1136 956 1181 ponam
983 1121 1223 1183 lectosque
1249 1121 1456 1178 sacrab0‚

300 1188 438 1244 alma,
465 1186 602 1232 viros.
675 1185 800 1231 foliis
828 1199 1014 1233 tantum
1040 1204 1100 1233 ne
1126 1187 1332 1234 carmina
1357 1187 1543 1243 manda,

302 1271 361 1300 ne
388 1253 573 1300 turbata
598 1253 761 1298 volent
786 1252 957 1314 rapidis
984 1253 1189 1300 ludibria
1212 1254 1395 1300 ventis:

301 1321 400 1382 ipsa
426 1337 563 1366 canas
589 1318 701 1366 oro.'
771 1319 916 1365 finem
942 1320 1073 1366 dedit
1099 1337 1178 1366 ore
1204 1320 1448 1383 loquendi.

369 1401 430 1443 at,
461 1386 640 1433 Phoebi
668 1386 883 1432 nondum
909 1387 1106 1448 patiens,
1133 1386 1338 1433 inmanis
1365 1386 1414 1432 in
1441 1398 1579 1432 antro

300 1454 558 1500 bacchatur
582 1466 726 1510 vate8‚
751 1470 977 1514 magnum
1003 1453 1038 1499 si
1064 1466 1256 1515 pectore
1281 1452 1426 1516 possit

302 1520 554 1567 excussisse
581 1520 753 1566 deum:
793 1533 925 1566 tanto
949 1520 1093 1582 magis
1120 1519 1200 1566 ille
1226 1520 1388 1580 fatigat

301 1605 349 1633 os
370 1587 600 1641 rabidum,
628 1587 725 1633 fera
752 1587 893 1633 corda
920 1586 1131 1643 domans,
1159 1586 1390 1649 fingitque
1414 1586 1692 1649 premendO.

303 1654 420 1700 ostia
445 1653 632 1716 iamque
659 1653 825 1699 domus
851 1667 1043 1715 patuere
1070 1653 1283 1713 ingentia
1309 1665 1504 1700 centum
1686 1666 1723 1697 81

303 1734 469 1782 sponte
495 1736 575 1766 sua
601 1719 813 1782 vatisque
841 1720 1002 1767 ferunt
1028 1736 1246 1782 responsa
1272 1736 1355 1782 per
1379 1736 1542 1766 auras:

304 1804 330 1832 o
358 1786 551 1833 tandem
577 1786 756 1847 magnis
782 1787 933 1848 pelagi
961 1787 1189 1833 defuncte
1214 1786 1472 1849 periclis—-

304 1853 386 1900 sed
412 1866 560 1899 terrae
585 1852 795 1912 graviora
820 1866 1046 1899 manent:
1084 1853 1134 1898 in
1160 1869 1302 1914 regna
1328 1852 1498 1899 Lavini

303 1919 608 1966 Dardanidae
633 1919 846 1977 venient,
875 1920 1012 1966 mitte
1038 1921 1160 1966 hanc
1187 1920 1243 1966 de
1270 1932 1461 1981 pectore
1488 1936 1665 1976 curam,

305 1986 385 2033 sed
413 2003 508 2032 non
536 1999 583 2032 et
610 1986 790 2032 venisse
817 1987 995 2033 volent.
1066 1987 1206 2043 bella,
1233 1986 1420 2032 horrida
1446 1986 1587 2043 bella,

306 2066 352 2099 et
379 2053 616 2113 Thybrim
642 2053 794 2099 multo
820 2066 1119 2115 spumantem
1145 2053 1372 2113 sanguine
1398 2069 1558 2099 cern0.

307 2136 404 2166 non
433 2119 601 2165 Simois
627 2119 711 2166 tibi
741 2137 828 2166 nec
858 2121 1075 2166 Xanthus
1103 2136 1190 2166 nec
1217 2119 1394 2166 Dorica
1421 2132 1570 2166 castra

306 2186 581 2243 defuerint3
619 2186 736 2233 alius
763 2187 902 2233 Latio
929 2187 1022 2233 iam
1047 2199 1206 2249 partus
1232 2186 1461 2243 Achilles,

307 2266 444 2299 natus
471 2268 516 2300 et
540 2253 640 2315 ipse
665 2254 784 2310 dea;
822 2271 909 2300 nec
937 2253 1141 2300 Teucris
1167 2253 1324 2299 addita
1351 2254 1476 2299 Iuno
1693 2275 1733 2307 90

309 2337 506 2382 usquam
532 2320 718 2377 aberit3
755 2337 864 2367 cum
892 2334 942 2367 tu
970 2320 1170 2382 supplex
1196 2319 1245 2365 in
1273 2320 1410 2365 rebus
1437 2318 1596 2379 egenis

308 2403 419 2449 quas
445 2400 608 2446 gentes
635 2388 811 2433 Italum
838 2400 917 2433 aut
943 2404 1053 2449 quas
1081 2403 1176 2432 non
1203 2385 1405 2432 oraveris
1433 2385 1569 2431 urbes
1593 2384 1601 2431 !

309 2470 443 2499 causa
468 2452 580 2498 mali
609 2453 727 2499 tanti
755 2453 966 2499 coniunx
993 2453 1167 2499 iterum
1193 2451 1379 2514 hospita
1405 2450 1626 2509 Teucris,

310 2519 591 2582 externique
617 2519 791 2565 iterum
820 2519 1031 2566 thalami.

310 2600 359 2633 tu
388 2602 446 2632 ne
474 2586 586 2632 cede
612 2585 759 2641 malis,
787 2585 866 2632 sed
891 2598 1052 2632 contra
1076 2585 1320 2632 audentior
1345 2584 1428 2641 ito,

311 2670 402 2715 qua
428 2666 507 2699 tua
534 2666 580 2699 te
607 2653 795 2699 fortuna
820 2652 956 2699 sinet.
1027 2651 1100 2697 via
1125 2651 1273 2713 prima
1298 2651 1473 2708 salutis,

579 2729 629 2778 84
657 2737 765 2768 terra.
823 2730 872 2779 96
902 2743 972 2779 qua
993 2728 1127 2766 Seneca,
1183 2741 1296 2778 quarn
1318 2727 1412 2766 codd.

1834 809 1848 837 ἴ

1846 1048 1857 1081 *j

1850 1179 1862 1194 Ἰο

1842 1203 1866 1466 ᾗ

1850 1451 1866 1618 'i

1853 1617 1866 1658 ἰ

1851 1671 1866 1724 -ἒ
