1866 3208
587 204 862 242 AENEIDOS
893 203 996 242 LIB.
1026 203 1065 240 X
1504 219 1578 257 303

146 314 323 378 quique
349 312 511 359 urbem
538 310 717 373 liquere
746 309 891 357 Cosas
913 331 927 366 3
964 311 1067 374 quis
1094 311 1190 358 tela
1210 312 1404 373 sagittae

147 380 393 443 gorytique
417 379 544 425 leves
571 377 744 423 umeris
772 391 817 424 et
838 378 995 424 letifer
1021 395 1169 426 arcus,

147 465 242 494 una
268 460 426 493 torvus
450 444 575 490 Abas
598 464 612 500 3
649 444 762 491 huic
791 457 947 491 totum
973 445 1237 506 insignibus
1264 445 1402 493 armis
1527 474 1585 502 170

147 530 314 576 agmen
341 525 388 558 et
412 524 573 557 aurato
599 510 810 572 fulgebat
835 512 1064 574 Apolline
1089 513 1276 575 puppis,

147 592 390 628 sexcentos
415 578 485 624 illi
512 577 705 624 dederat
733 578 1000 641 Populonia
1024 594 1173 626 mater

146 660 361 709 expertos
388 644 501 692 belli
528 645 721 691 iuvenes
743 666 758 703 3
795 659 862 691 ast
887 646 992 692 Ilva
1018 659 1253 694 trecentos

146 714 297 760 insula
324 711 614 760 inexhaustis
644 712 920 774 Chalybum
945 730 1169 774 generosa
1194 715 1414 763 metallis,

147 781 322 837 tertius,
351 779 433 826 ille
459 779 713 826 hominum
739 779 996 843 divomque
1023 780 1253 844 interpres
1278 782 1447 841 Asilas,

145 848 221 894 cui
247 847 491 910 pecudum
517 846 677 904 fibrae,
703 847 821 893 caeli
849 847 926 893 cui
954 847 1101 894 sidera
1126 863 1293 910 parent

145 928 191 962 et
216 915 407 975 linguae
431 914 683 960 volucrum
710 927 755 960 et
779 914 987 977 praesagi
1014 915 1230 962 fulminis
1256 916 1405 978 ignes,

145 982 278 1028 mille
304 981 423 1044 rapit
448 982 617 1027 densos
644 981 744 1027 acie
772 996 911 1045 atque
937 982 1236 1029 horrentibus
1261 984 1421 1030 hastiS.

144 1050 227 1095 hos
252 1065 413 1110 parere
440 1048 607 1095 iubent
631 1049 847 1110 Alpheae
875 1049 932 1095 ab
957 1049 1138 1111 origine
1168 1050 1313 1108 Pisae,

145 1115 251 1162 urbs
278 1116 476 1162 Etrusca
503 1116 616 1163 solo.
689 1116 899 1179 sequitur
924 1117 1272 1178 pulcherrimus
1297 1118 1455 1174 Astur,
1527 1133 1587 1163 180

142 1184 286 1230 Astur
311 1199 434 1246 equo
460 1182 608 1230 fidens
635 1196 681 1230 et
706 1183 1066 1230 versicoloribus
1092 1184 1246 1232 armis,

143 1263 215 1297 ter
241 1263 435 1297 centum
461 1250 898 1308 adiciunt,—mens
920 1251 1138 1297 omnibus
1159 1269 1253 1298 una
1271 1252 1569 1315 sequendi—-

144 1317 224 1380 qui
253 1317 450 1364 Caerete
476 1318 634 1375 domo,
661 1319 741 1381 qui
769 1332 878 1365 sunt
906 1318 1141 1365 Minionis
1166 1318 1215 1365 in
1242 1319 1373 1376 arvis,

145 1398 191 1432 et
218 1384 356 1446 Pyrgi
381 1398 560 1432 veteres
588 1385 994 1449 intempestaeque
1022 1386 1290 1433 Graviscae.

212 1469 308 1498 non
334 1469 420 1513 ego
446 1466 509 1509 te,
535 1452 766 1514 Ligurum
793 1453 961 1499 ductor
987 1453 1235 1500 fortissime
1263 1454 1402 1511 bello,

144 1519 424 1576 transierim,
452 1519 644 1582 Cinyre,
673 1534 719 1566 et
744 1520 906 1582 paucis
933 1520 1153 1567 comitate
1181 1521 1394 1583 Cupavo,

145 1586 277 1632 cuius
302 1586 510 1633 olorinae
537 1600 734 1648 surgunt
759 1587 817 1634 de
845 1587 1021 1634 vertice
1047 1587 1236 1649 pinnae,

143 1653 324 1700 crimen
351 1671 479 1700 amor
503 1668 726 1711 vestrum,
753 1655 1024 1718 formaeque
1051 1655 1234 1715 insigne
1260 1668 1494 1717 paternae.

143 1737 347 1783 namque
373 1722 534 1768 ferunt
560 1722 693 1768 luctu
724 1721 949 1783 Cycnum
978 1721 1284 1768 Phaethontis
1310 1721 1465 1778 amati,

142 1788 364 1850 populeas
390 1787 513 1834 inter
538 1788 726 1834 frondes
754 1789 1065 1851 umbramque
1091 1805 1302 1835 sororum
1527 1813 1587 1844 190

142 1855 256 1901 dum
282 1855 426 1912 canit,
453 1868 499 1902 et
526 1870 758 1902 maestum
789 1857 934 1902 Musa
959 1857 1132 1902 solatur
1158 1873 1380 1914 amorem,

143 1935 394 1969 canentem
420 1923 554 1969 molli
580 1923 742 1985 pluma
769 1923 953 1970 duxisse
980 1937 1231 1981 senectam,

141 1988 440 2052 linquentem
467 2004 606 2036 terras
633 2005 678 2037 et
704 1990 851 2037 sidera
875 2008 990 2037 voce
1017 2006 1311 2054 sequentem.

142 2055 279 2112 filius,
308 2057 520 2119 aequales
547 2058 795 2104 comitatus
824 2058 966 2104 classe
993 2072 1212 2115 catervas,

142 2122 387 2183 ingentem
412 2124 550 2170 remis
578 2124 872 2172 Centaurum
899 2138 1145 2186 promovet
1166 2145 1180 2181 3
1218 2125 1299 2171 ille

143 2189 283 2237 instat
308 2207 452 2253 aquae
477 2208 735 2254 saxumque
763 2192 899 2238 undis
925 2191 1118 2238 inmane
1144 2192 1350 2238 minatur

143 2257 327 2315 arduus,
355 2272 402 2305 et
428 2258 567 2320 longa
593 2259 743 2305 sulcat
769 2259 913 2305 maria
940 2259 1033 2306 alta
1058 2259 1228 2306 carina.

211 2324 293 2371 ille
320 2325 462 2372 etiam
487 2326 647 2388 patriis
675 2343 842 2386 agmen
872 2326 966 2373 ciet
993 2327 1160 2374 Ocnus
1186 2327 1242 2372 ab
1266 2327 1374 2384 oris,

145 2391 361 2438 fatidicae
390 2393 587 2439 Mantus
613 2407 659 2440 et
687 2393 838 2440 Tusci
866 2393 989 2440 filius
1015 2394 1179 2451 amnis,

145 2458 225 2519 qui
250 2475 406 2506 muros
430 2460 687 2523 matrisque
713 2460 842 2508 dedit
868 2460 969 2518 tibi,
1001 2461 1220 2519 Mantua,
1249 2477 1442 2517 nomen,
1527 2483 1588 2505 200

147 2524 365 2583 Mantua,
391 2526 519 2574 dives
545 2528 638 2574 avis
660 2548 674 2583 3
712 2528 791 2575 sed
818 2546 913 2575 non
941 2545 1090 2590 genus
1115 2528 1336 2575 omnibus
1361 2543 1511 2573 unum
1536 2543 1546 2572 ε

146 2607 258 2651 gens
283 2591 353 2638 illi
373 2592 561 2654 triplex,
589 2595 754 2657 populi
781 2596 865 2642 sub
889 2609 1032 2656 gente
1058 2595 1275 2658 quaterni
1295 2614 1311 2649 3

146 2657 243 2719 ipsa
269 2671 410 2721 caput
434 2661 620 2722 populis
643 2682 657 2719 3
695 2663 859 2709 Tusco
886 2663 944 2709 de
971 2662 1196 2723 sanguine
1223 2661 1356 2708 vires.

704 2751 776 2789 179
807 2738 969 2788 Alphea.
