<?xml version="1.0" encoding="UTF-8"?>
<!DOCTYPE html PUBLIC "-//W3C//DTD XHTML 1.0 Transitional//EN"
    "http://www.w3.org/TR/xhtml1/DTD/xhtml1-transitional.dtd">
<html xmlns="http://www.w3.org/1999/xhtml" xml:lang="en" lang="en">
 <head>
  <title>
</title>
<meta http-equiv="Content-Type" content="text/html;charset=utf-8" />
  <meta name='ocr-system' content='tesseract 3.04.00' />
  <meta name='ocr-capabilities' content='ocr_page ocr_carea ocr_par ocr_line ocrx_word'/>
</head>
<body>
  <div class='ocr_page' id='page_1' title='image "./operabucolicageo00virguoft_0070.png"; bbox 0 0 1861 3256; ppageno 0'>
   <div class='ocr_carea' id='block_1_1' title="bbox 721 967 1331 1015">
    <p class='ocr_par' dir='ltr' id='par_1_1' title="bbox 721 967 1331 1015">
     <span class='ocr_line' id='line_1_1' title="bbox 721 967 1331 1015; baseline 0.003 -2"><span class='ocrx_word' id='word_1_1' title='bbox 721 967 923 1014; x_wconf 91' lang='lat' dir='ltr'>LIBER</span> <span class='ocrx_word' id='word_1_2' title='bbox 960 967 1331 1015; x_wconf 92' lang='lat' dir='ltr'>SECUNDUS</span> 
     </span>
    </p>
   </div>
   <div class='ocr_carea' id='block_1_2' title="bbox 348 1107 1782 2832">
    <p class='ocr_par' dir='ltr' id='par_1_2' title="bbox 348 1107 1684 1635">
     <span class='ocr_line' id='line_1_2' title="bbox 350 1107 1436 1165; baseline 0.003 -13"><span class='ocrx_word' id='word_1_3' title='bbox 350 1107 612 1153; x_wconf 79' lang='lat' dir='ltr'>HACTENUS</span> <span class='ocrx_word' id='word_1_4' title='bbox 639 1123 852 1152; x_wconf 89' lang='lat' dir='ltr'>arvorum</span> <span class='ocrx_word' id='word_1_5' title='bbox 878 1108 1031 1154; x_wconf 92' lang='lat' dir='ltr'>cultus</span> <span class='ocrx_word' id='word_1_6' title='bbox 1058 1121 1103 1154; x_wconf 88' lang='lat' dir='ltr'>et</span> <span class='ocrx_word' id='word_1_7' title='bbox 1128 1109 1275 1155; x_wconf 89' lang='lat' dir='ltr'>sidera</span> <span class='ocrx_word' id='word_1_8' title='bbox 1301 1109 1436 1165; x_wconf 91' lang='lat' dir='ltr'>caeli,</span> 
     </span>
     <span class='ocr_line' id='line_1_3' title="bbox 349 1173 1684 1231; baseline 0.002 -13"><span class='ocrx_word' id='word_1_9' title='bbox 349 1190 477 1219; x_wconf 89' lang='lat' dir='ltr'>nunc</span> <span class='ocrx_word' id='word_1_10' title='bbox 506 1187 564 1229; x_wconf 87' lang='lat' dir='ltr'>te,</span> <span class='ocrx_word' id='word_1_11' title='bbox 594 1173 796 1229; x_wconf 87' lang='lat' dir='ltr'>Bacche,</span> <span class='ocrx_word' id='word_1_12' title='bbox 825 1190 1006 1231; x_wconf 88' lang='lat' dir='ltr'>canam,</span> <span class='ocrx_word' id='word_1_13' title='bbox 1032 1191 1119 1221; x_wconf 90' lang='lat' dir='ltr'>nec</span> <span class='ocrx_word' id='word_1_14' title='bbox 1148 1192 1243 1221; x_wconf 90' lang='lat' dir='ltr'>non</span> <span class='ocrx_word' id='word_1_15' title='bbox 1271 1175 1499 1221; x_wconf 85' lang='lat' dir='ltr'>silvestria</span> <span class='ocrx_word' id='word_1_16' title='bbox 1525 1187 1684 1222; x_wconf 92' lang='lat' dir='ltr'>tecum</span> 
     </span>
     <span class='ocr_line' id='line_1_4' title="bbox 348 1239 1444 1301; baseline 0.003 -17"><span class='ocrx_word' id='word_1_17' title='bbox 348 1239 548 1300; x_wconf 86' lang='lat' dir='ltr'>virgulta</span> <span class='ocrx_word' id='word_1_18' title='bbox 575 1252 620 1285; x_wconf 91' lang='lat' dir='ltr'>et</span> <span class='ocrx_word' id='word_1_19' title='bbox 645 1240 827 1301; x_wconf 91' lang='lat' dir='ltr'>prolem</span> <span class='ocrx_word' id='word_1_20' title='bbox 852 1241 977 1286; x_wconf 88' lang='lat' dir='ltr'>tarde</span> <span class='ocrx_word' id='word_1_21' title='bbox 1004 1241 1252 1287; x_wconf 89' lang='lat' dir='ltr'>crescentis</span> <span class='ocrx_word' id='word_1_22' title='bbox 1279 1242 1444 1288; x_wconf 87' lang='lat' dir='ltr'>olivae.</span> 
     </span>
     <span class='ocr_line' id='line_1_5' title="bbox 349 1307 1493 1370; baseline 0.003 -19"><span class='ocrx_word' id='word_1_23' title='bbox 349 1308 460 1362; x_wconf 89' lang='lat' dir='ltr'>huc,</span> <span class='ocrx_word' id='word_1_24' title='bbox 485 1319 615 1366; x_wconf 89' lang='lat' dir='ltr'>pater</span> <span class='ocrx_word' id='word_1_25' title='bbox 640 1324 666 1351; x_wconf 97' lang='lat' dir='ltr'>o</span> <span class='ocrx_word' id='word_1_26' title='bbox 693 1307 879 1352; x_wconf 86' lang='lat' dir='ltr'>Lenaee</span> <span class='ocrx_word' id='word_1_27' title='bbox 902 1325 916 1360; x_wconf 92' lang='lat'>余</span> <span class='ocrx_word' id='word_1_28' title='bbox 952 1307 1042 1352; x_wconf 89' lang='lat' dir='ltr'>tuis</span> <span class='ocrx_word' id='word_1_29' title='bbox 1067 1307 1143 1353; x_wconf 89' lang='lat' dir='ltr'>hie</span> <span class='ocrx_word' id='word_1_30' title='bbox 1171 1308 1328 1354; x_wconf 90' lang='lat' dir='ltr'>omnia</span> <span class='ocrx_word' id='word_1_31' title='bbox 1353 1309 1493 1370; x_wconf 91' lang='lat' dir='ltr'>plena</span> 
     </span>
     <span class='ocr_line' id='line_1_6' title="bbox 348 1372 1519 1434; baseline 0.003 -17"><span class='ocrx_word' id='word_1_32' title='bbox 348 1372 640 1428; x_wconf 86' lang='lat' dir='ltr'>muneribus,</span> <span class='ocrx_word' id='word_1_33' title='bbox 667 1372 750 1418; x_wconf 92' lang='lat' dir='ltr'>tibi</span> <span class='ocrx_word' id='word_1_34' title='bbox 778 1373 1029 1434; x_wconf 89' lang='lat' dir='ltr'>pampineo</span> <span class='ocrx_word' id='word_1_35' title='bbox 1054 1373 1264 1433; x_wconf 90' lang='lat' dir='ltr'>gravidus</span> <span class='ocrx_word' id='word_1_36' title='bbox 1291 1388 1519 1421; x_wconf 92' lang='lat' dir='ltr'>autumno</span> 
     </span>
     <span class='ocr_line' id='line_1_7' title="bbox 348 1439 1480 1500; baseline 0.001 -15"><span class='ocrx_word' id='word_1_37' title='bbox 348 1439 486 1486; x_wconf 88' lang='lat' dir='ltr'>floret</span> <span class='ocrx_word' id='word_1_38' title='bbox 512 1456 630 1500; x_wconf 88' lang='lat' dir='ltr'>ager,</span> <span class='ocrx_word' id='word_1_39' title='bbox 660 1453 844 1500; x_wconf 81' lang='lat' dir='ltr'><strong>spumat</strong></span> <span class='ocrx_word' id='word_1_40' title='bbox 869 1440 1020 1500; x_wconf 90' lang='lat' dir='ltr'>plenis</span> <span class='ocrx_word' id='word_1_41' title='bbox 1046 1440 1282 1486; x_wconf 89' lang='lat' dir='ltr'>vindemia</span> <span class='ocrx_word' id='word_1_42' title='bbox 1308 1441 1443 1487; x_wconf 91' lang='lat' dir='ltr'>labris</span> <span class='ocrx_word' id='word_1_43' title='bbox 1467 1462 1480 1497; x_wconf 85' lang='lat'>3</span> 
     </span>
     <span class='ocr_line' id='line_1_8' title="bbox 348 1506 1519 1570; baseline 0.001 -18"><span class='ocrx_word' id='word_1_44' title='bbox 348 1508 459 1561; x_wconf 92' lang='lat' dir='ltr'>huc,</span> <span class='ocrx_word' id='word_1_45' title='bbox 486 1521 616 1567; x_wconf 90' lang='lat' dir='ltr'>pater</span> <span class='ocrx_word' id='word_1_46' title='bbox 641 1524 668 1551; x_wconf 95' lang='lat' dir='ltr'>o</span> <span class='ocrx_word' id='word_1_47' title='bbox 694 1506 898 1561; x_wconf 86' lang='lat' dir='ltr'>Lenaee,</span> <span class='ocrx_word' id='word_1_48' title='bbox 924 1507 1049 1562; x_wconf 89' lang='lat' dir='ltr'>veni,</span> <span class='ocrx_word' id='word_1_49' title='bbox 1076 1507 1340 1570; x_wconf 89' lang='lat' dir='ltr'>nudataque</span> <span class='ocrx_word' id='word_1_50' title='bbox 1366 1522 1519 1554; x_wconf 89' lang='lat' dir='ltr'>musto</span> 
     </span>
     <span class='ocr_line' id='line_1_9' title="bbox 349 1573 1545 1635; baseline 0.003 -17"><span class='ocrx_word' id='word_1_51' title='bbox 349 1573 510 1633; x_wconf 89' lang='lat' dir='ltr'>tingue</span> <span class='ocrx_word' id='word_1_52' title='bbox 537 1590 660 1618; x_wconf 92' lang='lat' dir='ltr'>novo</span> <span class='ocrx_word' id='word_1_53' title='bbox 686 1589 875 1618; x_wconf 89' lang='lat' dir='ltr'>mecum</span> <span class='ocrx_word' id='word_1_54' title='bbox 902 1573 1102 1635; x_wconf 87' lang='lat' dir='ltr'>dereptis</span> <span class='ocrx_word' id='word_1_55' title='bbox 1130 1590 1264 1619; x_wconf 90' lang='lat' dir='ltr'>crura</span> <span class='ocrx_word' id='word_1_56' title='bbox 1289 1575 1545 1621; x_wconf 84' lang='lat' dir='ltr'>cothurnis.</span> 
     </span>
    </p>

    <p class='ocr_par' dir='ltr' id='par_1_3' title="bbox 349 1640 1782 2504">
     <span class='ocr_line' id='line_1_10' title="bbox 415 1640 1597 1702; baseline 0.002 -17"><span class='ocrx_word' id='word_1_57' title='bbox 415 1640 652 1702; x_wconf 89' lang='lat' dir='ltr'>principio</span> <span class='ocrx_word' id='word_1_58' title='bbox 678 1640 915 1685; x_wconf 87' lang='lat' dir='ltr'>arboribus</span> <span class='ocrx_word' id='word_1_59' title='bbox 945 1640 1065 1685; x_wconf 86' lang='lat' dir='ltr'>varia</span> <span class='ocrx_word' id='word_1_60' title='bbox 1092 1652 1158 1686; x_wconf 89' lang='lat' dir='ltr'>est</span> <span class='ocrx_word' id='word_1_61' title='bbox 1183 1653 1347 1686; x_wconf 89' lang='lat' dir='ltr'>natura</span> <span class='ocrx_word' id='word_1_62' title='bbox 1372 1642 1597 1688; x_wconf 87' lang='lat' dir='ltr'>creandis.</span> 
     </span>
     <span class='ocr_line' id='line_1_11' title="bbox 349 1706 1780 1769; baseline 0.001 -16"><span class='ocrx_word' id='word_1_63' title='bbox 349 1723 551 1769; x_wconf 91' lang='lat' dir='ltr'>namque</span> <span class='ocrx_word' id='word_1_64' title='bbox 578 1706 692 1752; x_wconf 88' lang='lat' dir='ltr'>aliae</span> <span class='ocrx_word' id='word_1_65' title='bbox 721 1707 863 1752; x_wconf 90' lang='lat' dir='ltr'>nullis</span> <span class='ocrx_word' id='word_1_66' title='bbox 892 1707 1142 1752; x_wconf 90' lang='lat' dir='ltr'>hominum</span> <span class='ocrx_word' id='word_1_67' title='bbox 1169 1707 1442 1767; x_wconf 87' lang='lat' dir='ltr'>cogentibus</span> <span class='ocrx_word' id='word_1_68' title='bbox 1468 1708 1591 1769; x_wconf 84' lang='lat' dir='ltr'>ipsae</span> <span class='ocrx_word' id='word_1_69' title='bbox 1740 1733 1780 1754; x_wconf 92' lang='lat'>10</span> 
     </span>
     <span class='ocr_line' id='line_1_12' title="bbox 349 1773 1567 1836; baseline 0.001 -17"><span class='ocrx_word' id='word_1_70' title='bbox 349 1787 514 1836; x_wconf 88' lang='lat' dir='ltr'>sponte</span> <span class='ocrx_word' id='word_1_71' title='bbox 541 1791 619 1818; x_wconf 89' lang='lat' dir='ltr'>sua</span> <span class='ocrx_word' id='word_1_72' title='bbox 645 1773 845 1819; x_wconf 90' lang='lat' dir='ltr'>veniunt</span> <span class='ocrx_word' id='word_1_73' title='bbox 874 1790 1155 1836; x_wconf 89' lang='lat' dir='ltr'>camposque</span> <span class='ocrx_word' id='word_1_74' title='bbox 1182 1787 1227 1819; x_wconf 89' lang='lat' dir='ltr'>et</span> <span class='ocrx_word' id='word_1_75' title='bbox 1253 1773 1450 1820; x_wconf 90' lang='lat' dir='ltr'>flumina</span> <span class='ocrx_word' id='word_1_76' title='bbox 1475 1775 1567 1820; x_wconf 89' lang='lat' dir='ltr'>late</span> 
     </span>
     <span class='ocr_line' id='line_1_13' title="bbox 350 1841 1611 1903; baseline 0.002 -18"><span class='ocrx_word' id='word_1_77' title='bbox 350 1857 491 1886; x_wconf 86' lang='lat' dir='ltr'>curva</span> <span class='ocrx_word' id='word_1_78' title='bbox 516 1853 696 1895; x_wconf 89' lang='lat' dir='ltr'>tenent,</span> <span class='ocrx_word' id='word_1_79' title='bbox 724 1852 775 1886; x_wconf 91' lang='lat' dir='ltr'>ut</span> <span class='ocrx_word' id='word_1_80' title='bbox 804 1841 948 1886; x_wconf 90' lang='lat' dir='ltr'>molle</span> <span class='ocrx_word' id='word_1_81' title='bbox 978 1841 1086 1886; x_wconf 90' lang='lat' dir='ltr'>siler</span> <span class='ocrx_word' id='word_1_82' title='bbox 1112 1841 1360 1903; x_wconf 81' lang='lat' dir='ltr'>lentaeque</span> <span class='ocrx_word' id='word_1_83' title='bbox 1387 1841 1611 1902; x_wconf 87' lang='lat' dir='ltr'>genistae,</span> 
     </span>
     <span class='ocr_line' id='line_1_14' title="bbox 349 1907 1465 1969; baseline 0.001 -17"><span class='ocrx_word' id='word_1_84' title='bbox 349 1907 548 1969; x_wconf 90' lang='lat' dir='ltr'>populus</span> <span class='ocrx_word' id='word_1_85' title='bbox 577 1920 620 1952; x_wconf 90' lang='lat' dir='ltr'>et</span> <span class='ocrx_word' id='word_1_86' title='bbox 645 1907 809 1967; x_wconf 87' lang='lat' dir='ltr'>glauca</span> <span class='ocrx_word' id='word_1_87' title='bbox 837 1907 1055 1953; x_wconf 87' lang='lat' dir='ltr'>canentia</span> <span class='ocrx_word' id='word_1_88' title='bbox 1079 1908 1244 1953; x_wconf 90' lang='lat' dir='ltr'>fronde</span> <span class='ocrx_word' id='word_1_89' title='bbox 1270 1908 1430 1953; x_wconf 90' lang='lat' dir='ltr'>salicta</span> <span class='ocrx_word' id='word_1_90' title='bbox 1452 1929 1465 1964; x_wconf 92' lang='lat'>余</span> 
     </span>
     <span class='ocr_line' id='line_1_15' title="bbox 349 1973 1555 2035; baseline 0.001 -16"><span class='ocrx_word' id='word_1_91' title='bbox 349 1991 451 2035; x_wconf 91' lang='lat' dir='ltr'>pars</span> <span class='ocrx_word' id='word_1_92' title='bbox 478 1987 632 2019; x_wconf 89' lang='lat' dir='ltr'>autem</span> <span class='ocrx_word' id='word_1_93' title='bbox 658 1973 807 2035; x_wconf 91' lang='lat' dir='ltr'>posito</span> <span class='ocrx_word' id='word_1_94' title='bbox 836 1988 1030 2034; x_wconf 89' lang='lat' dir='ltr'>surgunt</span> <span class='ocrx_word' id='word_1_95' title='bbox 1055 1974 1112 2020; x_wconf 91' lang='lat' dir='ltr'>de</span> <span class='ocrx_word' id='word_1_96' title='bbox 1138 1975 1334 2031; x_wconf 88' lang='lat' dir='ltr'>semine,</span> <span class='ocrx_word' id='word_1_97' title='bbox 1360 1988 1411 2021; x_wconf 91' lang='lat' dir='ltr'>ut</span> <span class='ocrx_word' id='word_1_98' title='bbox 1435 1975 1555 2021; x_wconf 90' lang='lat' dir='ltr'>altae</span> 
     </span>
     <span class='ocr_line' id='line_1_16' title="bbox 350 2041 1696 2104; baseline 0.001 -18"><span class='ocrx_word' id='word_1_99' title='bbox 350 2054 604 2094; x_wconf 85' lang='lat' dir='ltr'>castaneae,</span> <span class='ocrx_word' id='word_1_100' title='bbox 634 2058 979 2104; x_wconf 88' lang='lat' dir='ltr'>nemorumque</span> <span class='ocrx_word' id='word_1_101' title='bbox 1007 2042 1105 2087; x_wconf 92' lang='lat' dir='ltr'>Iovi</span> <span class='ocrx_word' id='word_1_102' title='bbox 1133 2059 1250 2104; x_wconf 90' lang='lat' dir='ltr'>quae</span> <span class='ocrx_word' id='word_1_103' title='bbox 1277 2041 1481 2087; x_wconf 86' lang='lat' dir='ltr'>maxima</span> <span class='ocrx_word' id='word_1_104' title='bbox 1505 2041 1696 2087; x_wconf 87' lang='lat' dir='ltr'>frondet</span> 
     </span>
     <span class='ocr_line' id='line_1_17' title="bbox 349 2108 1570 2171; baseline 0.002 -19"><span class='ocrx_word' id='word_1_105' title='bbox 349 2108 574 2162; x_wconf 83' lang='lat' dir='ltr'>aesculus,</span> <span class='ocrx_word' id='word_1_106' title='bbox 603 2121 741 2170; x_wconf 88' lang='lat' dir='ltr'>atque</span> <span class='ocrx_word' id='word_1_107' title='bbox 769 2108 952 2154; x_wconf 88' lang='lat' dir='ltr'>habitae</span> <span class='ocrx_word' id='word_1_108' title='bbox 982 2108 1118 2154; x_wconf 90' lang='lat' dir='ltr'>Grais</span> <span class='ocrx_word' id='word_1_109' title='bbox 1143 2109 1330 2154; x_wconf 89' lang='lat' dir='ltr'>oracula</span> <span class='ocrx_word' id='word_1_110' title='bbox 1355 2125 1570 2171; x_wconf 89' lang='lat' dir='ltr'>quercus.</span> 
     </span>
     <span class='ocr_line' id='line_1_18' title="bbox 349 2175 1389 2235; baseline 0.002 -16"><span class='ocrx_word' id='word_1_111' title='bbox 349 2175 553 2235; x_wconf 89' lang='lat' dir='ltr'>pullulat</span> <span class='ocrx_word' id='word_1_112' title='bbox 577 2175 633 2220; x_wconf 89' lang='lat' dir='ltr'>ab</span> <span class='ocrx_word' id='word_1_113' title='bbox 659 2175 813 2221; x_wconf 90' lang='lat' dir='ltr'>radice</span> <span class='ocrx_word' id='word_1_114' title='bbox 841 2176 940 2222; x_wconf 87' lang='lat' dir='ltr'>aliis</span> <span class='ocrx_word' id='word_1_115' title='bbox 967 2176 1236 2221; x_wconf 85' lang='lat' dir='ltr'>densissima</span> <span class='ocrx_word' id='word_1_116' title='bbox 1260 2176 1389 2232; x_wconf 85' lang='lat' dir='ltr'>silva,</span> 
     </span>
     <span class='ocr_line' id='line_1_19' title="bbox 351 2241 1488 2305; baseline 0.003 -20"><span class='ocrx_word' id='word_1_117' title='bbox 351 2253 401 2285; x_wconf 90' lang='lat' dir='ltr'>ut</span> <span class='ocrx_word' id='word_1_118' title='bbox 427 2241 590 2287; x_wconf 89' lang='lat' dir='ltr'>cerasis</span> <span class='ocrx_word' id='word_1_119' title='bbox 619 2242 851 2305; x_wconf 89' lang='lat' dir='ltr'>ulmisque</span> <span class='ocrx_word' id='word_1_120' title='bbox 876 2263 889 2299; x_wconf 82' lang='lat'>3</span> <span class='ocrx_word' id='word_1_121' title='bbox 927 2243 1067 2289; x_wconf 90' lang='lat' dir='ltr'>etiam</span> <span class='ocrx_word' id='word_1_122' title='bbox 1096 2242 1308 2288; x_wconf 91' lang='lat' dir='ltr'>Parnasia</span> <span class='ocrx_word' id='word_1_123' title='bbox 1334 2243 1488 2288; x_wconf 88' lang='lat' dir='ltr'>laurus</span> 
     </span>
     <span class='ocr_line' id='line_1_20' title="bbox 350 2308 1466 2370; baseline 0.002 -19"><span class='ocrx_word' id='word_1_124' title='bbox 350 2323 487 2367; x_wconf 85' lang='lat' dir='ltr'>parva</span> <span class='ocrx_word' id='word_1_125' title='bbox 513 2308 597 2353; x_wconf 90' lang='lat' dir='ltr'>sub</span> <span class='ocrx_word' id='word_1_126' title='bbox 623 2309 805 2370; x_wconf 85' lang='lat' dir='ltr'>ingenti</span> <span class='ocrx_word' id='word_1_127' title='bbox 834 2310 990 2356; x_wconf 91' lang='lat' dir='ltr'>matris</span> <span class='ocrx_word' id='word_1_128' title='bbox 1017 2327 1062 2356; x_wconf 93' lang='lat' dir='ltr'>se</span> <span class='ocrx_word' id='word_1_129' title='bbox 1091 2309 1261 2355; x_wconf 87' lang='lat' dir='ltr'>subicit</span> <span class='ocrx_word' id='word_1_130' title='bbox 1287 2309 1466 2354; x_wconf 88' lang='lat' dir='ltr'>umbra.</span> 
     </span>
     <span class='ocr_line' id='line_1_21' title="bbox 349 2374 1782 2437; baseline 0 -19"><span class='ocrx_word' id='word_1_131' title='bbox 349 2374 431 2418; x_wconf 94' lang='lat' dir='ltr'>hos</span> <span class='ocrx_word' id='word_1_132' title='bbox 458 2387 620 2420; x_wconf 89' lang='lat' dir='ltr'>natura</span> <span class='ocrx_word' id='word_1_133' title='bbox 647 2376 807 2421; x_wconf 88' lang='lat' dir='ltr'>modos</span> <span class='ocrx_word' id='word_1_134' title='bbox 834 2376 1042 2437; x_wconf 89' lang='lat' dir='ltr'>primum</span> <span class='ocrx_word' id='word_1_135' title='bbox 1068 2376 1196 2422; x_wconf 90' lang='lat' dir='ltr'>dedit</span> <span class='ocrx_word' id='word_1_136' title='bbox 1223 2396 1236 2431; x_wconf 92' lang='lat'>余</span> <span class='ocrx_word' id='word_1_137' title='bbox 1272 2375 1344 2420; x_wconf 91' lang='lat' dir='ltr'>his</span> <span class='ocrx_word' id='word_1_138' title='bbox 1369 2391 1514 2435; x_wconf 85' lang='lat' dir='ltr'>genus</span> <span class='ocrx_word' id='word_1_139' title='bbox 1540 2390 1680 2420; x_wconf 89' lang='lat' dir='ltr'>omne</span> <span class='ocrx_word' id='word_1_140' title='bbox 1741 2398 1782 2419; x_wconf 85' lang='lat'>20</span> 
     </span>
     <span class='ocr_line' id='line_1_22' title="bbox 352 2439 1712 2504; baseline 0.002 -20"><span class='ocrx_word' id='word_1_141' title='bbox 352 2439 569 2486; x_wconf 84' lang='lat' dir='ltr'>silvarum</span> <span class='ocrx_word' id='word_1_142' title='bbox 599 2441 918 2504; x_wconf 88' lang='lat' dir='ltr'>fruticumque</span> <span class='ocrx_word' id='word_1_143' title='bbox 945 2442 1066 2488; x_wconf 88' lang='lat' dir='ltr'>viret</span> <span class='ocrx_word' id='word_1_144' title='bbox 1093 2458 1432 2504; x_wconf 91' lang='lat' dir='ltr'>nemorumque</span> <span class='ocrx_word' id='word_1_145' title='bbox 1459 2457 1712 2487; x_wconf 87' lang='lat' dir='ltr'>sacrorum.</span> 
     </span>
    </p>

    <p class='ocr_par' dir='ltr' id='par_1_4' title="bbox 352 2506 1660 2768">
     <span class='ocr_line' id='line_1_23' title="bbox 419 2506 1501 2570; baseline 0.003 -19"><span class='ocrx_word' id='word_1_146' title='bbox 419 2519 526 2552; x_wconf 90' lang='lat' dir='ltr'>sunt</span> <span class='ocrx_word' id='word_1_147' title='bbox 553 2506 647 2563; x_wconf 90' lang='lat' dir='ltr'>alii,</span> <span class='ocrx_word' id='word_1_148' title='bbox 675 2524 786 2569; x_wconf 91' lang='lat' dir='ltr'>quos</span> <span class='ocrx_word' id='word_1_149' title='bbox 814 2508 909 2569; x_wconf 90' lang='lat' dir='ltr'>ipse</span> <span class='ocrx_word' id='word_1_150' title='bbox 938 2509 1009 2553; x_wconf 88' lang='lat' dir='ltr'>via</span> <span class='ocrx_word' id='word_1_151' title='bbox 1035 2508 1120 2553; x_wconf 89' lang='lat' dir='ltr'>sibi</span> <span class='ocrx_word' id='word_1_152' title='bbox 1147 2508 1353 2570; x_wconf 88' lang='lat' dir='ltr'>repperit</span> <span class='ocrx_word' id='word_1_153' title='bbox 1379 2525 1501 2554; x_wconf 91' lang='lat' dir='ltr'>usus.</span> 
     </span>
     <span class='ocr_line' id='line_1_24' title="bbox 352 2572 1660 2636; baseline 0.002 -18"><span class='ocrx_word' id='word_1_154' title='bbox 352 2572 430 2618; x_wconf 91' lang='lat' dir='ltr'>hic</span> <span class='ocrx_word' id='word_1_155' title='bbox 457 2573 638 2634; x_wconf 88' lang='lat' dir='ltr'>plantas</span> <span class='ocrx_word' id='word_1_156' title='bbox 665 2586 826 2619; x_wconf 91' lang='lat' dir='ltr'>tenero</span> <span class='ocrx_word' id='word_1_157' title='bbox 853 2575 1129 2620; x_wconf 87' lang='lat' dir='ltr'>abscindens</span> <span class='ocrx_word' id='word_1_158' title='bbox 1155 2574 1211 2620; x_wconf 92' lang='lat' dir='ltr'>de</span> <span class='ocrx_word' id='word_1_159' title='bbox 1238 2591 1429 2636; x_wconf 90' lang='lat' dir='ltr'>corpore</span> <span class='ocrx_word' id='word_1_160' title='bbox 1455 2587 1660 2620; x_wconf 88' lang='lat' dir='ltr'>matrum</span> 
     </span>
     <span class='ocr_line' id='line_1_25' title="bbox 353 2639 1386 2702; baseline 0.002 -18"><span class='ocrx_word' id='word_1_161' title='bbox 353 2639 568 2700; x_wconf 89' lang='lat' dir='ltr'>deposuit</span> <span class='ocrx_word' id='word_1_162' title='bbox 594 2639 732 2685; x_wconf 87' lang='lat' dir='ltr'>sulcis</span> <span class='ocrx_word' id='word_1_163' title='bbox 757 2659 769 2696; x_wconf 92' lang='lat'>余</span> <span class='ocrx_word' id='word_1_164' title='bbox 806 2640 883 2686; x_wconf 89' lang='lat' dir='ltr'>hic</span> <span class='ocrx_word' id='word_1_165' title='bbox 913 2640 1072 2702; x_wconf 89' lang='lat' dir='ltr'>stirpes</span> <span class='ocrx_word' id='word_1_166' title='bbox 1099 2641 1253 2686; x_wconf 90' lang='lat' dir='ltr'>obruit</span> <span class='ocrx_word' id='word_1_167' title='bbox 1279 2658 1386 2686; x_wconf 91' lang='lat' dir='ltr'>arvo</span> 
     </span>
     <span class='ocr_line' id='line_1_26' title="bbox 355 2705 1497 2768; baseline 0.003 -18"><span class='ocrx_word' id='word_1_168' title='bbox 355 2705 724 2768; x_wconf 88' lang='lat' dir='ltr'>quadrifidasque</span> <span class='ocrx_word' id='word_1_169' title='bbox 752 2706 885 2752; x_wconf 90' lang='lat' dir='ltr'>sudes</span> <span class='ocrx_word' id='word_1_170' title='bbox 913 2720 958 2753; x_wconf 91' lang='lat' dir='ltr'>et</span> <span class='ocrx_word' id='word_1_171' title='bbox 984 2721 1122 2753; x_wconf 90' lang='lat' dir='ltr'>acuto</span> <span class='ocrx_word' id='word_1_172' title='bbox 1146 2708 1310 2753; x_wconf 92' lang='lat' dir='ltr'>robore</span> <span class='ocrx_word' id='word_1_173' title='bbox 1337 2707 1497 2754; x_wconf 86' lang='lat' dir='ltr'>vallos.</span> 
     </span>
    </p>

    <p class='ocr_par' dir='ltr' id='par_1_5' title="bbox 928 2783 1143 2832">
     <span class='ocr_line' id='line_1_27' title="bbox 928 2783 1143 2832; baseline 0.005 -12"><span class='ocrx_word' id='word_1_174' title='bbox 928 2783 948 2820; x_wconf 88' lang='lat'>8</span> <span class='ocrx_word' id='word_1_175' title='bbox 981 2784 1143 2832; x_wconf 84' lang='lat' dir='ltr'>direptis.</span> 
     </span>
    </p>
   </div>
   <div class='ocr_carea' id='block_1_3' title="bbox 1801 0 1861 298">
    <p class='ocr_par' dir='ltr' id='par_1_6' title="bbox 1801 0 1861 298">
     <span class='ocr_line' id='line_1_28' title="bbox 1801 0 1861 298; baseline 0 2958"><span class='ocrx_word' id='word_1_176' title='bbox 1801 0 1861 298; x_wconf 95' lang='lat' dir='ltr'> </span> 
     </span>
    </p>
   </div>
  </div>
 </body>
</html>
