1866 3208
311 233 390 272 240
744 223 788 261 P.
817 222 1051 261 VERGILI
1081 222 1338 261 MARONIS

375 327 461 376 ille
491 327 616 375 inter
638 341 791 374 vestes
817 340 863 373 et
887 327 1011 374 levia
1034 342 1228 391 pectora
1254 329 1409 392 lapsus

374 395 583 442 volvitur
607 407 786 440 attactu
815 395 967 452 nullo,
995 395 1215 459 fallitque
1241 396 1497 453 furentem,
1742 420 1804 450 350

375 461 615 523 vipeream
640 460 871 522 inspirans
898 461 1135 520 animam3
1172 462 1224 509 fit
1249 462 1409 509 tortile
1435 462 1562 508 collo

375 544 542 574 aurum
567 525 734 586 ingens
760 527 970 586 coluber,
999 528 1049 574 fit
1075 529 1242 590 longae
1269 528 1425 574 taenia
1449 527 1613 585 vittae,

374 592 679 655 innectitque
706 609 878 651 comas,
908 607 954 641 et
981 596 1202 642 membris
1229 595 1437 642 lubricus
1465 608 1600 641 errat.

375 676 429 706 ac
455 660 569 705 dum
595 659 746 721 prima
772 660 873 706 lues
899 661 992 707 udo
1018 662 1234 724 sublapsa
1260 678 1446 708 veneno

373 739 663 788 pertemptat
689 743 850 773 sensus
876 740 1018 790 atque
1043 728 1220 774 ossibus
1246 727 1446 790 inplicat
1471 727 1647 788 ignem,

375 793 585 839 necdum
611 793 795 839 animus
823 806 922 840 toto
948 794 1163 857 percepit
1187 809 1380 857 pectore
1406 794 1662 852 flammam,

374 859 581 916 mollius,
610 873 656 905 et
682 860 821 906 solito
847 874 1050 907 matrum
1076 861 1134 907 de
1160 878 1306 919 more,
1333 860 1491 907 locuta
1518 874 1601 918 est,

374 926 525 972 multa
550 943 688 988 super
714 939 823 972 nata
849 927 1098 974 lacrimans
1128 928 1432 989 Phrygiisque
1462 927 1769 988 hymenaeis:

343 998 355 1018 ‘
375 992 679 1039 exsulibusne
705 992 843 1039 datur
869 994 1086 1040 ducenda
1112 994 1312 1040 Lavinia
1338 994 1555 1052 Teucris,

374 1076 402 1105 o
427 1059 646 1120 genitor?
684 1076 772 1105 nec
801 1073 845 1105 te
874 1060 1063 1106 miseret
1089 1074 1320 1123 nataeque
1348 1061 1543 1123 tuique?
1741 1075 1805 1115 360

375 1143 465 1172 nec
491 1126 652 1172 matris
679 1126 884 1182 miseret,
914 1143 1054 1189 quam
1080 1127 1233 1190 primo
1258 1127 1500 1190 Aquilone
1525 1127 1765 1189 relinquet

373 1192 596 1255 perfidus,
625 1193 717 1238 alta
743 1206 928 1255 peten8‚
957 1194 1161 1239 abducta
1187 1194 1384 1254 virgine,
1410 1195 1617 1256 praedo?

374 1272 421 1305 at
446 1277 544 1305 non
571 1259 634 1305 sic
665 1260 891 1320 Phrygius
918 1273 1139 1322 penetrat
1165 1260 1526 1306 Lacedaemona
1552 1274 1723 1322 pastor,

373 1326 708 1389 Ledaeamque
737 1326 981 1372 Helenam
1010 1327 1244 1372 Troianas
1270 1327 1400 1373 vexit
1427 1327 1485 1372 ad
1512 1327 1680 1373 urbes?

373 1392 488 1456 quid
513 1405 592 1439 tua
618 1406 779 1439 sancta
807 1392 950 1438 fides?
988 1393 1102 1455 quid
1129 1410 1238 1439 cura
1263 1393 1456 1455 antiqua
1483 1405 1687 1451 tuorum,

374 1472 422 1506 et
447 1459 802 1520 consanguineo
829 1460 1004 1506 totiens
1031 1459 1137 1505 data
1163 1460 1355 1505 dextera
1382 1460 1589 1505 Turno?

373 1525 406 1571 si
433 1542 578 1586 gener
605 1540 799 1572 externa
824 1526 1003 1588 petitur
1029 1526 1088 1572 de
1114 1539 1254 1586 gente
1281 1526 1479 1584 Latinis,

372 1592 517 1655 idque
544 1593 690 1650 sedet,
717 1593 964 1655 Faunique
990 1606 1217 1655 premunt
1244 1606 1289 1639 te
1316 1593 1434 1639 iussa
1459 1593 1682 1655 parentiS‚

372 1676 567 1705 omnem
595 1660 818 1722 equidem
846 1660 1043 1722 sceptris
1071 1672 1240 1705 terram
1267 1676 1387 1722 quae
1413 1659 1560 1705 libera
1587 1659 1754 1705 nostris

372 1725 583 1782 dissidet,
613 1739 858 1772 externam
887 1743 1005 1783 reor,
1035 1738 1081 1772 et
1107 1726 1171 1772 sic
1199 1726 1358 1772 dicere
1384 1726 1531 1772 divos.
1743 1750 1803 1780 370

375 1805 421 1838 et
447 1793 634 1849 Turno,
661 1792 696 1838 si
722 1793 873 1854 prima
901 1793 1068 1839 domus
1095 1805 1337 1854 repetatur
1362 1792 1507 1852 origo,

372 1859 578 1905 Inachus
603 1859 907 1921 Acrisiusque
934 1872 1104 1921 patres,
1132 1859 1409 1921 mediaeque
1437 1859 1708 1920 Mycenae.’

439 1925 510 1971 his
538 1925 617 1971 ubi
645 1925 939 1988 nequiquam
967 1925 1105 1971 dictis
1133 1939 1326 1987 experta
1352 1925 1579 1971 Latinum

373 2005 537 2038 contra
563 2005 683 2038 stare
710 1992 856 2049 videt,
884 1992 1172 2054 penitusque
1199 1992 1248 2038 in
1274 1992 1453 2038 viscera
1479 1992 1660 2054 lapsum

373 2058 604 2121 serpentis
631 2059 801 2104 furiale
831 2059 1026 2116 malum,
1054 2072 1297 2121 totamque
1322 2072 1544 2121 pererrat,

373 2138 476 2171 tum
502 2142 612 2171 vero
638 2125 827 2182 infelix,
856 2125 1128 2185 ingentibus
1157 2125 1310 2171 excita
1334 2125 1570 2182 monstris,

372 2192 637 2238 inmensam
664 2191 764 2238 sine
791 2209 919 2238 more
947 2191 1061 2238 furit
1087 2192 1327 2253 lymphata
1352 2209 1436 2254 per
1462 2192 1627 2237 urbem
1651 2209 1662 2237 :

343 2316 350 2321 ¹
373 2275 460 2304 ceu
487 2259 729 2321 quondam
760 2272 881 2304 torto
908 2259 1110 2304 volitans
1137 2259 1222 2304 sub
1248 2259 1444 2304 verbere
1471 2258 1625 2315 turbo,

374 2341 516 2387 quem
543 2325 673 2386 pueri
703 2342 874 2385 magno
898 2325 947 2370 in
974 2342 1086 2386 gyro
1110 2342 1257 2371 vacua
1283 2325 1399 2370 atria
1425 2324 1605 2370 circum

373 2391 548 2437 intenti
577 2391 692 2437 ludo
721 2405 978 2447 exercent3
1015 2391 1098 2436 ille
1125 2405 1254 2437 actus
1280 2391 1464 2436 habena
1742 2405 1806 2445 380

374 2457 578 2503 curvatis
604 2457 755 2502 fertur
780 2457 970 2519 spatiis;
1008 2469 1165 2518 stupet
1190 2457 1338 2502 inscia
1363 2473 1497 2518 supra

374 2524 672 2586 inpubesque
698 2540 878 2580 manus,
906 2523 1071 2568 mirata
1096 2523 1307 2569 volubile
1332 2523 1544 2577 buxum3

373 2591 490 2637 dant
516 2590 697 2636 animos
722 2590 917 2652 plagae:
956 2606 1053 2635 non
1080 2606 1217 2636 cursu
1244 2590 1431 2650 segnior
1456 2590 1541 2635 illo

374 2674 459 2720 per
483 2656 662 2703 medias
689 2657 825 2702 urbes
852 2656 1002 2716 agitur
1026 2656 1320 2718 populosque
1346 2656 1542 2703 feroces.

739 2745 757 2783 3
766 2743 809 2783 51
843 2733 998 2781 spirans.
1113 2744 1186 2781 370
1216 2746 1374 2782 poscere.
