1861 3256
306 268 357 294 20

753 256 795 293 P.
824 253 1060 292 VERGILI
1089 253 1347 292 MARONIS

373 364 560 425 Mopse,
585 379 725 409 novas
750 361 907 408 incide
932 362 1053 408 faces
1078 379 1088 408 ε
1126 360 1212 407 tibi
1237 359 1425 407 ducitur
1450 377 1566 407 uxor
1587 379 1601 416 ;
1753 384 1794 414 30

371 445 548 492 sparge,
573 428 755 486 marite,
782 445 926 474 nuces
952 448 967 484 ;
1003 427 1088 474 tibi
1114 426 1283 473 deserit
1307 427 1546 488 Hesperus
1573 427 1763 473 Oetam.
1858 419 1861 427 ⁴

438 495 595 556 incipe
623 494 884 540 Maenalios
909 511 1114 550 mecum,
1142 510 1245 539 mea
1270 492 1398 550 tibia,
1422 509 1592 540 versus.

371 581 398 609 0
422 562 563 622 digno
588 560 841 607 coniuncta
866 561 981 617 viro,
1006 561 1119 606 dum
1143 559 1341 622 despicis
1367 576 1543 614 omnes,

371 629 579 690 dumque
604 626 690 673 tibi
718 640 784 672 est
809 627 916 673 odio
940 643 1044 673 mea
1069 627 1221 673 fistula
1246 626 1452 688 dumque
1478 626 1685 688 capellae

371 695 699 755 hirsutumque
725 693 1029 755 supercilium
1055 693 1369 756 promissaque
1395 692 1548 748 barba,

372 778 461 808 nec
488 776 648 806 curare
673 759 816 805 deum
842 759 990 805 credis
1015 759 1227 805 mortalia
1252 775 1550 821 quemquam.

439 827 597 888 incipe
624 825 888 872 Maenalios
913 843 1119 882 mecum,
1143 842 1246 872 mea
1272 825 1398 881 tibia,
1425 841 1594 871 versus.

373 894 584 956 saepibus
609 892 658 938 in
684 892 852 939 nostris
878 909 1066 954 parvam
1092 906 1137 939 te
1163 892 1341 938 roscida
1365 891 1553 937 mala-—

373 961 467 1006 dux
495 977 580 1021 ego
604 973 755 1006 vester
780 959 1070 1005 eram—vidi
1096 976 1207 1006 cum
1232 972 1376 1005 matre
1402 958 1654 1018 legentem.

373 1028 490 1074 alter
514 1027 571 1072 ab
597 1026 850 1073 undecimo
877 1039 978 1072 tum
1005 1043 1080 1072 me
1105 1026 1197 1072 iam
1223 1038 1465 1087 acceperat
1488 1041 1638 1070 annus
1659 1045 1672 1081 ;
1759 1049 1800 1078 40

373 1094 466 1140 iam
493 1093 675 1153 fragiles
699 1105 912 1155 poteram
938 1093 995 1138 ab
1019 1106 1138 1139 terra
1162 1092 1436 1151 contingere
1461 1108 1625 1138 ramos.

375 1174 425 1207 ut
450 1160 563 1217 vidi,
590 1172 640 1206 ut
665 1159 796 1221 perii,
826 1172 877 1205 ut
903 1176 978 1205 me
1003 1160 1152 1205 malus
1178 1159 1368 1205 abstulit
1395 1175 1518 1204 error
1540 1157 1549 1205 ἔ

441 1227 599 1289 incipe
627 1226 891 1272 Maenalios
917 1243 1121 1283 mecum,
1150 1243 1252 1271 mea
1277 1225 1407 1282 tibia,
1431 1241 1603 1271 versus.

374 1311 503 1340 nunc
532 1293 640 1348 scio,
668 1292 781 1355 quid
808 1292 865 1338 sit
891 1293 1053 1340 Amor.
1125 1292 1250 1338 duris
1277 1292 1325 1337 in
1354 1291 1535 1337 cotibus
1560 1291 1699 1336 illum

375 1374 454 1407 aut
481 1361 682 1406 Tmaros
708 1372 786 1405 aut
814 1359 1044 1421 Rhodope
1070 1372 1150 1405 aut
1176 1358 1373 1404 extremi
1401 1358 1712 1403 Garamantes

375 1444 462 1473 nec
489 1426 668 1487 generis
695 1425 839 1472 nostri
868 1442 1068 1487 puerum
1094 1442 1183 1471 nec
1211 1423 1447 1485 sanguinis
1473 1424 1635 1470 edunt.

442 1489 599 1555 incipe
628 1492 892 1538 Maenalios
918 1509 1123 1548 mecum,
1151 1508 1255 1538 mea
1280 1491 1410 1547 tibia,
1435 1507 1607 1536 versus.

375 1577 534 1607 saevus
559 1561 708 1605 Amor
733 1559 896 1605 docuit
924 1573 1141 1605 natorum
1167 1558 1391 1618 sanguine
1418 1571 1613 1603 matrem

375 1627 719 1674 commaculare
745 1643 909 1672 manus
936 1647 949 1681 ;
986 1625 1187 1671 crudelis
1214 1638 1264 1671 tu
1290 1642 1490 1688 quoque,
1518 1637 1680 1670 mater.

375 1693 577 1741 crudelis
604 1705 749 1738 mater
774 1692 932 1752 magis,
960 1709 1016 1737 an
1044 1709 1160 1753 puer
1185 1691 1410 1753 inprobus
1435 1692 1516 1737 ille
1537 1695 1554 1753 ξ
1765 1713 1806 1743 50

375 1761 597 1822 inprobus
623 1760 705 1805 ille
730 1776 846 1821 puer
870 1779 882 1815 ;
920 1758 1123 1805 crudelis
1149 1771 1200 1804 tu
1226 1774 1427 1821 quoque,
1454 1771 1616 1804 mater.

442 1827 600 1888 incipe
629 1826 894 1871 Maenalios
920 1841 1124 1882 mecum,
1153 1842 1257 1871 mea
1281 1824 1411 1881 tibia,
1436 1841 1606 1870 versus.

376 1911 505 1940 nunc
533 1906 580 1939 et
604 1909 711 1938 oves
740 1892 862 1938 ultro
888 1892 1035 1952 fugiat
1061 1892 1213 1954 lupus,
1241 1908 1376 1937 aurea
1401 1891 1541 1937 durae

377 1961 497 2007 mala
522 1961 673 2006 ferant
698 1976 914 2022 quercus,
940 1958 1143 2004 narcisso
1169 1957 1330 2004 floreat
1354 1958 1501 2013 alnus,

376 2027 569 2090 pinguia
594 2025 849 2073 corticibus
875 2025 1047 2072 sudent
1073 2026 1246 2071 electra
1271 2024 1490 2086 myricae,

377 2107 559 2141 certent
585 2106 631 2139 et
657 2093 819 2154 cycnis
846 2092 1020 2148 ululae,
1046 2091 1102 2138 sit
1129 2091 1324 2153 Tityrus
1351 2092 1590 2153 Orpheus,

378 2161 598 2223 Orpheus
623 2160 672 2206 in
700 2159 840 2215 silvis,
868 2159 991 2205 inter
1015 2158 1262 2220 delphinas
1285 2158 1449 2204 Arion.

445 2226 602 2289 incipe
631 2226 897 2272 Maenalios
924 2242 1128 2280 mecum,
1156 2242 1259 2271 mea
1284 2225 1411 2280 tibia,
1438 2241 1608 2270 versus.

377 2294 535 2340 omnia
559 2294 634 2340 vel
661 2293 871 2339 medium
899 2293 976 2339 fiat
1002 2309 1142 2338 mare.
1213 2291 1371 2348 vivite,
1399 2290 1567 2336 silvae:

377 2378 597 2423 praeceps
624 2361 731 2406 aerii
761 2361 949 2422 specula
975 2359 1032 2405 de
1059 2358 1232 2405 montis
1258 2357 1307 2403 in
1334 2356 1478 2403 undas
1766 2370 1808 2401 60

377 2428 555 2473 deferar
581 2448 593 2483 ;
632 2441 898 2473 extremum
924 2428 1013 2472 hoc
1041 2442 1212 2471 munus
1238 2422 1480 2470 morientis
1505 2423 1691 2469 habeto.

445 2493 604 2539 desine
633 2493 910 2548 Maenalios,
939 2493 1030 2538 iam
1057 2492 1235 2547 desine,
1262 2490 1387 2545 tibia,
1415 2506 1586 2536 versus.

445 2562 559 2606 haec
586 2560 775 2606 Damon
802 2578 812 2605 ε
849 2576 944 2614 vos,
971 2575 1091 2621 quae
1115 2557 1408 2619 responderit
1432 2555 1799 2618 Alphesiboeus,

379 2627 542 2683 dicite,
570 2625 776 2672 Pierides
798 2645 812 2679 ;
849 2642 945 2671 non
971 2624 1129 2670 omnia
1154 2640 1397 2686 possumus
1423 2639 1603 2670 omnes.

451 2695 513 2740 A.
552 2694 664 2739 effer
689 2709 870 2755 aquam,
898 2704 944 2738 et
969 2691 1101 2737 molli
1128 2691 1265 2750 cinge
1290 2692 1403 2736 haec
1430 2689 1589 2736 altaria
1613 2688 1745 2745 vitta,

381 2761 697 2822 verbenasque
723 2759 855 2805 adole
883 2758 1077 2820 pingues
1104 2770 1151 2803 et
1176 2757 1379 2803 mascula
1405 2770 1519 2812 tura,
