<?xml version="1.0" encoding="UTF-8"?>
<!DOCTYPE html PUBLIC "-//W3C//DTD XHTML 1.0 Transitional//EN"
    "http://www.w3.org/TR/xhtml1/DTD/xhtml1-transitional.dtd">
<html xmlns="http://www.w3.org/1999/xhtml" xml:lang="en" lang="en">
 <head>
  <title>
</title>
<meta http-equiv="Content-Type" content="text/html;charset=utf-8" />
  <meta name='ocr-system' content='tesseract 3.04.00' />
  <meta name='ocr-capabilities' content='ocr_page ocr_carea ocr_par ocr_line ocrx_word'/>
</head>
<body>
  <div class='ocr_page' id='page_1' title='image "./operabucolicageo00virguoft_0276.png"; bbox 0 0 1866 3208; ppageno 0'>
   <div class='ocr_carea' id='block_1_1' title="bbox 313 243 1350 294">
    <p class='ocr_par' dir='ltr' id='par_1_1' title="bbox 313 243 1350 294">
     <span class='ocr_line' id='line_1_1' title="bbox 313 243 1350 294; baseline 0.001 -12"><span class='ocrx_word' id='word_1_1' title='bbox 313 255 390 294; x_wconf 88' lang='lat'>244</span> <span class='ocrx_word' id='word_1_2' title='bbox 753 244 797 283; x_wconf 90' lang='lat' dir='ltr'>P.</span> <span class='ocrx_word' id='word_1_3' title='bbox 826 243 1062 282; x_wconf 89' lang='lat' dir='ltr'>VERGILI</span> <span class='ocrx_word' id='word_1_4' title='bbox 1091 244 1350 283; x_wconf 91' lang='lat' dir='ltr'>MARONIS</span> 
     </span>
    </p>
   </div>
   <div class='ocr_carea' id='block_1_2' title="bbox 371 350 1866 2805">
    <p class='ocr_par' dir='ltr' id='par_1_2' title="bbox 371 350 1866 2740">
     <span class='ocr_line' id='line_1_2' title="bbox 378 350 1541 413; baseline -0.001 -15"><span class='ocrx_word' id='word_1_5' title='bbox 378 353 508 398; x_wconf 91' lang='lat' dir='ltr'>hunc</span> <span class='ocrx_word' id='word_1_6' title='bbox 534 350 699 413; x_wconf 91' lang='lat' dir='ltr'>procul</span> <span class='ocrx_word' id='word_1_7' title='bbox 728 363 964 397; x_wconf 84' lang='lat' dir='ltr'><strong>errantem</strong></span> <span class='ocrx_word' id='word_1_8' title='bbox 988 351 1178 398; x_wconf 90' lang='lat' dir='ltr'>rabidae</span> <span class='ocrx_word' id='word_1_9' title='bbox 1203 350 1420 398; x_wconf 83' lang='lat' dir='ltr'>venantis</span> <span class='ocrx_word' id='word_1_10' title='bbox 1446 351 1541 398; x_wconf 89' lang='lat' dir='ltr'>Iuli</span> 
     </span>
     <span class='ocr_line' id='line_1_3' title="bbox 379 415 1547 475; baseline 0 -11"><span class='ocrx_word' id='word_1_11' title='bbox 379 434 679 465; x_wconf 89' lang='lat' dir='ltr'>commovere</span> <span class='ocrx_word' id='word_1_12' title='bbox 705 433 859 475; x_wconf 86' lang='lat' dir='ltr'>canes,</span> <span class='ocrx_word' id='word_1_13' title='bbox 886 415 1030 464; x_wconf 87' lang='lat' dir='ltr'>fluvio</span> <span class='ocrx_word' id='word_1_14' title='bbox 1056 435 1166 465; x_wconf 93' lang='lat' dir='ltr'>cum</span> <span class='ocrx_word' id='word_1_15' title='bbox 1191 419 1311 465; x_wconf 87' lang='lat' dir='ltr'>forte</span> <span class='ocrx_word' id='word_1_16' title='bbox 1337 417 1547 464; x_wconf 92' lang='lat' dir='ltr'>secundo</span> 
     </span>
     <span class='ocr_line' id='line_1_4' title="bbox 379 482 1510 545; baseline 0.001 -15"><span class='ocrx_word' id='word_1_17' title='bbox 379 483 624 540; x_wconf 88' lang='lat' dir='ltr'>deflueret,</span> <span class='ocrx_word' id='word_1_18' title='bbox 652 482 850 545; x_wconf 88' lang='lat' dir='ltr'>ripaque</span> <span class='ocrx_word' id='word_1_19' title='bbox 877 496 1030 530; x_wconf 90' lang='lat' dir='ltr'>aestus</span> <span class='ocrx_word' id='word_1_20' title='bbox 1055 485 1292 531; x_wconf 88' lang='lat' dir='ltr'>viridante</span> <span class='ocrx_word' id='word_1_21' title='bbox 1317 485 1510 531; x_wconf 88' lang='lat' dir='ltr'>levaret.</span> 
     </span>
     <span class='ocr_line' id='line_1_5' title="bbox 377 549 1544 612; baseline 0.001 -17"><span class='ocrx_word' id='word_1_22' title='bbox 377 550 477 612; x_wconf 90' lang='lat' dir='ltr'>ipse</span> <span class='ocrx_word' id='word_1_23' title='bbox 504 549 662 606; x_wconf 90' lang='lat' dir='ltr'>etiam,</span> <span class='ocrx_word' id='word_1_24' title='bbox 691 549 893 596; x_wconf 85' lang='lat' dir='ltr'>eximiae</span> <span class='ocrx_word' id='word_1_25' title='bbox 919 551 1070 597; x_wconf 92' lang='lat' dir='ltr'>laudis</span> <span class='ocrx_word' id='word_1_26' title='bbox 1097 568 1345 598; x_wconf 87' lang='lat' dir='ltr'>succensus</span> <span class='ocrx_word' id='word_1_27' title='bbox 1371 566 1544 608; x_wconf 90' lang='lat' dir='ltr'>amore,</span> 
     </span>
     <span class='ocr_line' id='line_1_6' title="bbox 376 615 1402 680; baseline 0.003 -20"><span class='ocrx_word' id='word_1_28' title='bbox 376 615 608 661; x_wconf 87' lang='lat' dir='ltr'>Ascanius</span> <span class='ocrx_word' id='word_1_29' title='bbox 635 632 780 662; x_wconf 89' lang='lat' dir='ltr'>curvo</span> <span class='ocrx_word' id='word_1_30' title='bbox 805 616 990 663; x_wconf 83' lang='lat' dir='ltr'>derexit</span> <span class='ocrx_word' id='word_1_31' title='bbox 1016 617 1195 680; x_wconf 91' lang='lat' dir='ltr'>spicula</span> <span class='ocrx_word' id='word_1_32' title='bbox 1222 634 1402 670; x_wconf 82' lang='lat' dir='ltr'>cornu3</span> 
     </span>
     <span class='ocr_line' id='line_1_7' title="bbox 379 681 1602 746; baseline 0.002 -19"><span class='ocrx_word' id='word_1_33' title='bbox 379 698 468 727; x_wconf 91' lang='lat' dir='ltr'>nec</span> <span class='ocrx_word' id='word_1_34' title='bbox 495 681 690 728; x_wconf 84' lang='lat' dir='ltr'>dextrae</span> <span class='ocrx_word' id='word_1_35' title='bbox 718 683 893 729; x_wconf 90' lang='lat' dir='ltr'>erranti</span> <span class='ocrx_word' id='word_1_36' title='bbox 921 684 1035 730; x_wconf 90' lang='lat' dir='ltr'>deus</span> <span class='ocrx_word' id='word_1_37' title='bbox 1061 684 1197 741; x_wconf 89' lang='lat' dir='ltr'>afuit,</span> <span class='ocrx_word' id='word_1_38' title='bbox 1224 697 1422 746; x_wconf 90' lang='lat' dir='ltr'>actaque</span> <span class='ocrx_word' id='word_1_39' title='bbox 1448 683 1602 730; x_wconf 92' lang='lat' dir='ltr'>multo</span> 
     </span>
     <span class='ocr_line' id='line_1_8' title="bbox 376 749 1685 814; baseline 0.002 -20"><span class='ocrx_word' id='word_1_40' title='bbox 376 765 556 811; x_wconf 89' lang='lat' dir='ltr'>perque</span> <span class='ocrx_word' id='word_1_41' title='bbox 585 761 774 795; x_wconf 87' lang='lat' dir='ltr'>uterum</span> <span class='ocrx_word' id='word_1_42' title='bbox 801 749 959 796; x_wconf 89' lang='lat' dir='ltr'>sonitu</span> <span class='ocrx_word' id='word_1_43' title='bbox 984 767 1161 814; x_wconf 89' lang='lat' dir='ltr'>perque</span> <span class='ocrx_word' id='word_1_44' title='bbox 1187 750 1267 796; x_wconf 92' lang='lat' dir='ltr'>ilia</span> <span class='ocrx_word' id='word_1_45' title='bbox 1292 750 1426 797; x_wconf 91' lang='lat' dir='ltr'>venit</span> <span class='ocrx_word' id='word_1_46' title='bbox 1450 750 1685 797; x_wconf 90' lang='lat' dir='ltr'>harundo.</span> 
     </span>
     <span class='ocr_line' id='line_1_9' title="bbox 377 814 1804 878; baseline 0.002 -18"><span class='ocrx_word' id='word_1_47' title='bbox 377 814 559 861; x_wconf 89' lang='lat' dir='ltr'>saucius</span> <span class='ocrx_word' id='word_1_48' title='bbox 586 827 632 861; x_wconf 90' lang='lat' dir='ltr'>at</span> <span class='ocrx_word' id='word_1_49' title='bbox 658 816 923 878; x_wconf 88' lang='lat' dir='ltr'>quadrupes</span> <span class='ocrx_word' id='word_1_50' title='bbox 951 830 1062 863; x_wconf 89' lang='lat' dir='ltr'>nota</span> <span class='ocrx_word' id='word_1_51' title='bbox 1087 817 1211 863; x_wconf 93' lang='lat' dir='ltr'>intra</span> <span class='ocrx_word' id='word_1_52' title='bbox 1239 830 1363 863; x_wconf 87' lang='lat' dir='ltr'>tecta</span> <span class='ocrx_word' id='word_1_53' title='bbox 1389 816 1581 877; x_wconf 87' lang='lat' dir='ltr'>refugit,</span> <span class='ocrx_word' id='word_1_54' title='bbox 1742 840 1804 870; x_wconf 84' lang='lat'>500</span> 
     </span>
     <span class='ocr_line' id='line_1_10' title="bbox 377 881 1691 947; baseline 0.002 -20"><span class='ocrx_word' id='word_1_55' title='bbox 377 881 695 944; x_wconf 89' lang='lat' dir='ltr'>successitque</span> <span class='ocrx_word' id='word_1_56' title='bbox 720 899 913 942; x_wconf 85' lang='lat' dir='ltr'>gemens</span> <span class='ocrx_word' id='word_1_57' title='bbox 940 884 1147 941; x_wconf 89' lang='lat' dir='ltr'>stabulis,</span> <span class='ocrx_word' id='word_1_58' title='bbox 1175 896 1439 947; x_wconf 87' lang='lat' dir='ltr'>questuque</span> <span class='ocrx_word' id='word_1_59' title='bbox 1465 895 1691 929; x_wconf 88' lang='lat' dir='ltr'>cruentus</span> 
     </span>
     <span class='ocr_line' id='line_1_11' title="bbox 376 948 1633 1012; baseline 0.002 -19"><span class='ocrx_word' id='word_1_60' title='bbox 376 960 516 1010; x_wconf 89' lang='lat' dir='ltr'>atque</span> <span class='ocrx_word' id='word_1_61' title='bbox 543 948 804 1010; x_wconf 91' lang='lat' dir='ltr'>inploranti</span> <span class='ocrx_word' id='word_1_62' title='bbox 833 949 999 995; x_wconf 89' lang='lat' dir='ltr'>similis</span> <span class='ocrx_word' id='word_1_63' title='bbox 1026 962 1208 997; x_wconf 92' lang='lat' dir='ltr'>tectum</span> <span class='ocrx_word' id='word_1_64' title='bbox 1234 967 1377 996; x_wconf 89' lang='lat' dir='ltr'>omne</span> <span class='ocrx_word' id='word_1_65' title='bbox 1402 949 1633 1012; x_wconf 89' lang='lat' dir='ltr'>replebat.</span> 
     </span>
     <span class='ocr_line' id='line_1_12' title="bbox 377 1014 1544 1079; baseline 0.002 -19"><span class='ocrx_word' id='word_1_66' title='bbox 377 1014 521 1061; x_wconf 87' lang='lat' dir='ltr'>Silvia</span> <span class='ocrx_word' id='word_1_67' title='bbox 546 1014 698 1076; x_wconf 91' lang='lat' dir='ltr'>prima</span> <span class='ocrx_word' id='word_1_68' title='bbox 725 1031 867 1073; x_wconf 89' lang='lat' dir='ltr'>soror,</span> <span class='ocrx_word' id='word_1_69' title='bbox 892 1015 1061 1078; x_wconf 89' lang='lat' dir='ltr'>palmis</span> <span class='ocrx_word' id='word_1_70' title='bbox 1086 1034 1305 1079; x_wconf 85' lang='lat' dir='ltr'>percussa</span> <span class='ocrx_word' id='word_1_71' title='bbox 1330 1017 1544 1073; x_wconf 89' lang='lat' dir='ltr'>lacertos,</span> 
     </span>
     <span class='ocr_line' id='line_1_13' title="bbox 376 1080 1562 1144; baseline 0.003 -18"><span class='ocrx_word' id='word_1_72' title='bbox 376 1080 610 1127; x_wconf 86' lang='lat' dir='ltr'>auxilium</span> <span class='ocrx_word' id='word_1_73' title='bbox 634 1094 788 1139; x_wconf 91' lang='lat' dir='ltr'>vocat,</span> <span class='ocrx_word' id='word_1_74' title='bbox 818 1094 864 1128; x_wconf 92' lang='lat' dir='ltr'>et</span> <span class='ocrx_word' id='word_1_75' title='bbox 888 1082 1027 1128; x_wconf 91' lang='lat' dir='ltr'>duros</span> <span class='ocrx_word' id='word_1_76' title='bbox 1053 1083 1322 1129; x_wconf 87' lang='lat' dir='ltr'>conclamat</span> <span class='ocrx_word' id='word_1_77' title='bbox 1347 1096 1562 1144; x_wconf 78' lang='lat' dir='ltr'>agrestes,</span> 
     </span>
     <span class='ocr_line' id='line_1_14' title="bbox 375 1147 1563 1212; baseline 0.002 -19"><span class='ocrx_word' id='word_1_78' title='bbox 375 1147 675 1210; x_wconf 89' lang='lat' dir='ltr'>olli—pestis</span> <span class='ocrx_word' id='word_1_79' title='bbox 703 1148 832 1194; x_wconf 89' lang='lat' dir='ltr'>enirn</span> <span class='ocrx_word' id='word_1_80' title='bbox 862 1148 1016 1194; x_wconf 90' lang='lat' dir='ltr'>tacitis</span> <span class='ocrx_word' id='word_1_81' title='bbox 1042 1149 1158 1195; x_wconf 90' lang='lat' dir='ltr'>latet</span> <span class='ocrx_word' id='word_1_82' title='bbox 1184 1166 1343 1212; x_wconf 89' lang='lat' dir='ltr'>aspera</span> <span class='ocrx_word' id='word_1_83' title='bbox 1367 1149 1563 1195; x_wconf 89' lang='lat' dir='ltr'>silvis—</span> 
     </span>
     <span class='ocr_line' id='line_1_15' title="bbox 375 1214 1511 1276; baseline 0.003 -16"><span class='ocrx_word' id='word_1_84' title='bbox 375 1214 602 1276; x_wconf 90' lang='lat' dir='ltr'>inprovisi</span> <span class='ocrx_word' id='word_1_85' title='bbox 630 1215 818 1271; x_wconf 90' lang='lat' dir='ltr'>adsunt,</span> <span class='ocrx_word' id='word_1_86' title='bbox 845 1214 924 1261; x_wconf 91' lang='lat' dir='ltr'>hic</span> <span class='ocrx_word' id='word_1_87' title='bbox 952 1227 1074 1261; x_wconf 88' lang='lat' dir='ltr'>torre</span> <span class='ocrx_word' id='word_1_88' title='bbox 1101 1229 1302 1262; x_wconf 88' lang='lat' dir='ltr'>armatus</span> <span class='ocrx_word' id='word_1_89' title='bbox 1328 1217 1511 1273; x_wconf 91' lang='lat' dir='ltr'>obusto,</span> 
     </span>
     <span class='ocr_line' id='line_1_16' title="bbox 375 1280 1685 1344; baseline 0.002 -18"><span class='ocrx_word' id='word_1_90' title='bbox 375 1280 545 1343; x_wconf 87' lang='lat' dir='ltr'>stipitis</span> <span class='ocrx_word' id='word_1_91' title='bbox 571 1280 649 1327; x_wconf 91' lang='lat' dir='ltr'>hic</span> <span class='ocrx_word' id='word_1_92' title='bbox 675 1280 852 1341; x_wconf 88' lang='lat' dir='ltr'>gravidi</span> <span class='ocrx_word' id='word_1_93' title='bbox 881 1281 1016 1327; x_wconf 89' lang='lat' dir='ltr'>nodis</span> <span class='ocrx_word' id='word_1_94' title='bbox 1042 1302 1055 1338; x_wconf 92' lang='lat'>;</span> <span class='ocrx_word' id='word_1_95' title='bbox 1092 1282 1218 1344; x_wconf 89' lang='lat' dir='ltr'>quod</span> <span class='ocrx_word' id='word_1_96' title='bbox 1245 1282 1417 1344; x_wconf 89' lang='lat' dir='ltr'>cuique</span> <span class='ocrx_word' id='word_1_97' title='bbox 1442 1295 1685 1344; x_wconf 90' lang='lat' dir='ltr'>repertum</span> 
     </span>
     <span class='ocr_line' id='line_1_17' title="bbox 375 1346 1719 1409; baseline 0.001 -16"><span class='ocrx_word' id='word_1_98' title='bbox 375 1346 585 1404; x_wconf 90' lang='lat' dir='ltr'>rimanti,</span> <span class='ocrx_word' id='word_1_99' title='bbox 612 1348 761 1394; x_wconf 91' lang='lat' dir='ltr'>telum</span> <span class='ocrx_word' id='word_1_100' title='bbox 789 1347 856 1393; x_wconf 90' lang='lat' dir='ltr'>ira</span> <span class='ocrx_word' id='word_1_101' title='bbox 883 1347 1013 1395; x_wconf 89' lang='lat' dir='ltr'>facit.</span> <span class='ocrx_word' id='word_1_102' title='bbox 1083 1361 1221 1395; x_wconf 89' lang='lat' dir='ltr'>vocat</span> <span class='ocrx_word' id='word_1_103' title='bbox 1247 1348 1433 1408; x_wconf 89' lang='lat' dir='ltr'>agmina</span> <span class='ocrx_word' id='word_1_104' title='bbox 1459 1348 1719 1409; x_wconf 80' lang='lat' dir='ltr'>TyrrheuS‚</span> 
     </span>
     <span class='ocr_line' id='line_1_18' title="bbox 375 1414 1565 1476; baseline 0 -16"><span class='ocrx_word' id='word_1_105' title='bbox 375 1414 689 1476; x_wconf 88' lang='lat' dir='ltr'>quadrifidam</span> <span class='ocrx_word' id='word_1_106' title='bbox 716 1431 945 1476; x_wconf 90' lang='lat' dir='ltr'>quercum</span> <span class='ocrx_word' id='word_1_107' title='bbox 973 1414 1136 1460; x_wconf 92' lang='lat' dir='ltr'>cuneis</span> <span class='ocrx_word' id='word_1_108' title='bbox 1162 1427 1214 1460; x_wconf 94' lang='lat' dir='ltr'>ut</span> <span class='ocrx_word' id='word_1_109' title='bbox 1241 1415 1362 1460; x_wconf 89' lang='lat' dir='ltr'>forte</span> <span class='ocrx_word' id='word_1_110' title='bbox 1389 1414 1565 1460; x_wconf 87' lang='lat' dir='ltr'>coactis</span> 
     </span>
     <span class='ocr_line' id='line_1_19' title="bbox 375 1477 1866 1543; baseline 0.001 -17"><span class='ocrx_word' id='word_1_111' title='bbox 375 1480 639 1538; x_wconf 89' lang='lat' dir='ltr'>scindebat,</span> <span class='ocrx_word' id='word_1_112' title='bbox 667 1494 798 1543; x_wconf 91' lang='lat' dir='ltr'>rapta</span> <span class='ocrx_word' id='word_1_113' title='bbox 825 1481 1003 1543; x_wconf 89' lang='lat' dir='ltr'>spirans</span> <span class='ocrx_word' id='word_1_114' title='bbox 1030 1481 1224 1527; x_wconf 88' lang='lat' dir='ltr'>inmane</span> <span class='ocrx_word' id='word_1_115' title='bbox 1251 1480 1418 1528; x_wconf 87' lang='lat' dir='ltr'>securi.</span> <span class='ocrx_word' id='word_1_116' title='bbox 1740 1505 1802 1534; x_wconf 84' lang='lat'>510</span> <span class='ocrx_word' id='word_1_117' title='bbox 1865 1477 1866 1490; x_wconf 55' lang='lat'>¹</span> 
     </span>
     <span class='ocr_line' id='line_1_20' title="bbox 375 1546 1586 1609; baseline 0 -16"><span class='ocrx_word' id='word_1_118' title='bbox 375 1560 421 1593; x_wconf 89' lang='lat' dir='ltr'>at</span> <span class='ocrx_word' id='word_1_119' title='bbox 446 1564 581 1594; x_wconf 88' lang='lat' dir='ltr'>saeva</span> <span class='ocrx_word' id='word_1_120' title='bbox 609 1564 633 1594; x_wconf 90' lang='lat' dir='ltr'>e</span> <span class='ocrx_word' id='word_1_121' title='bbox 659 1547 863 1609; x_wconf 86' lang='lat' dir='ltr'>speculis</span> <span class='ocrx_word' id='word_1_122' title='bbox 891 1560 1076 1609; x_wconf 88' lang='lat' dir='ltr'>tempus</span> <span class='ocrx_word' id='word_1_123' title='bbox 1102 1548 1189 1594; x_wconf 90' lang='lat' dir='ltr'>dea</span> <span class='ocrx_word' id='word_1_124' title='bbox 1216 1560 1353 1594; x_wconf 90' lang='lat' dir='ltr'>nacta</span> <span class='ocrx_word' id='word_1_125' title='bbox 1380 1546 1586 1594; x_wconf 92' lang='lat' dir='ltr'>nocendi</span> 
     </span>
     <span class='ocr_line' id='line_1_21' title="bbox 375 1613 1644 1676; baseline 0.001 -17"><span class='ocrx_word' id='word_1_126' title='bbox 375 1614 519 1660; x_wconf 87' lang='lat' dir='ltr'>ardua</span> <span class='ocrx_word' id='word_1_127' title='bbox 546 1627 672 1660; x_wconf 92' lang='lat' dir='ltr'>tecta</span> <span class='ocrx_word' id='word_1_128' title='bbox 698 1615 821 1676; x_wconf 92' lang='lat' dir='ltr'>petit</span> <span class='ocrx_word' id='word_1_129' title='bbox 848 1614 1038 1672; x_wconf 90' lang='lat' dir='ltr'>stabuli,</span> <span class='ocrx_word' id='word_1_130' title='bbox 1065 1626 1112 1660; x_wconf 91' lang='lat' dir='ltr'>et</span> <span class='ocrx_word' id='word_1_131' title='bbox 1138 1614 1197 1660; x_wconf 91' lang='lat' dir='ltr'>de</span> <span class='ocrx_word' id='word_1_132' title='bbox 1223 1613 1434 1660; x_wconf 91' lang='lat' dir='ltr'>culmine</span> <span class='ocrx_word' id='word_1_133' title='bbox 1460 1630 1644 1661; x_wconf 91' lang='lat' dir='ltr'>summo</span> 
     </span>
     <span class='ocr_line' id='line_1_22' title="bbox 374 1680 1487 1743; baseline 0.001 -17"><span class='ocrx_word' id='word_1_134' title='bbox 374 1681 604 1742; x_wconf 87' lang='lat' dir='ltr'>pastorale</span> <span class='ocrx_word' id='word_1_135' title='bbox 631 1681 761 1727; x_wconf 92' lang='lat' dir='ltr'>canit</span> <span class='ocrx_word' id='word_1_136' title='bbox 788 1680 990 1741; x_wconf 89' lang='lat' dir='ltr'>signum,</span> <span class='ocrx_word' id='word_1_137' title='bbox 1018 1697 1262 1743; x_wconf 89' lang='lat' dir='ltr'>cornuque</span> <span class='ocrx_word' id='word_1_138' title='bbox 1289 1697 1487 1727; x_wconf 89' lang='lat' dir='ltr'>recurvo</span> 
     </span>
     <span class='ocr_line' id='line_1_23' title="bbox 374 1746 1657 1809; baseline 0.001 -17"><span class='ocrx_word' id='word_1_139' title='bbox 374 1747 656 1793; x_wconf 91' lang='lat' dir='ltr'>Tartaream</span> <span class='ocrx_word' id='word_1_140' title='bbox 683 1746 894 1792; x_wconf 87' lang='lat' dir='ltr'>intendit</span> <span class='ocrx_word' id='word_1_141' title='bbox 919 1763 1086 1793; x_wconf 84' lang='lat' dir='ltr'>vocem</span> <span class='ocrx_word' id='word_1_142' title='bbox 1109 1766 1124 1800; x_wconf 84' lang='lat'>3</span> <span class='ocrx_word' id='word_1_143' title='bbox 1160 1764 1250 1809; x_wconf 91' lang='lat' dir='ltr'>qua</span> <span class='ocrx_word' id='word_1_144' title='bbox 1275 1747 1489 1809; x_wconf 88' lang='lat' dir='ltr'>protinus</span> <span class='ocrx_word' id='word_1_145' title='bbox 1514 1763 1657 1793; x_wconf 90' lang='lat' dir='ltr'>omne</span> 
     </span>
     <span class='ocr_line' id='line_1_24' title="bbox 373 1813 1687 1876; baseline 0.001 -17"><span class='ocrx_word' id='word_1_146' title='bbox 373 1813 665 1859; x_wconf 91' lang='lat' dir='ltr'>contremuit</span> <span class='ocrx_word' id='word_1_147' title='bbox 693 1830 859 1859; x_wconf 92' lang='lat' dir='ltr'>nemus</span> <span class='ocrx_word' id='word_1_148' title='bbox 887 1826 933 1859; x_wconf 91' lang='lat' dir='ltr'>et</span> <span class='ocrx_word' id='word_1_149' title='bbox 959 1813 1100 1859; x_wconf 88' lang='lat' dir='ltr'>silvae</span> <span class='ocrx_word' id='word_1_150' title='bbox 1126 1813 1378 1860; x_wconf 90' lang='lat' dir='ltr'>insonuere</span> <span class='ocrx_word' id='word_1_151' title='bbox 1404 1813 1687 1876; x_wconf 90' lang='lat' dir='ltr'>profundae.</span> 
     </span>
     <span class='ocr_line' id='line_1_25' title="bbox 374 1879 1542 1941; baseline 0.001 -16"><span class='ocrx_word' id='word_1_152' title='bbox 374 1879 524 1926; x_wconf 86' lang='lat' dir='ltr'>audiit</span> <span class='ocrx_word' id='word_1_153' title='bbox 550 1892 596 1926; x_wconf 90' lang='lat' dir='ltr'>et</span> <span class='ocrx_word' id='word_1_154' title='bbox 624 1879 820 1925; x_wconf 87' lang='lat' dir='ltr'>Triviae</span> <span class='ocrx_word' id='word_1_155' title='bbox 847 1880 988 1941; x_wconf 91' lang='lat' dir='ltr'>longe</span> <span class='ocrx_word' id='word_1_156' title='bbox 1014 1879 1176 1934; x_wconf 86' lang='lat' dir='ltr'>lacus3</span> <span class='ocrx_word' id='word_1_157' title='bbox 1213 1879 1365 1926; x_wconf 91' lang='lat' dir='ltr'>audiit</span> <span class='ocrx_word' id='word_1_158' title='bbox 1391 1879 1542 1926; x_wconf 89' lang='lat' dir='ltr'>amnis</span> 
     </span>
     <span class='ocr_line' id='line_1_26' title="bbox 373 1946 1516 2009; baseline -0.001 -17"><span class='ocrx_word' id='word_1_159' title='bbox 373 1946 592 2008; x_wconf 89' lang='lat' dir='ltr'>sulpurea</span> <span class='ocrx_word' id='word_1_160' title='bbox 619 1946 723 1992; x_wconf 91' lang='lat' dir='ltr'>Nar</span> <span class='ocrx_word' id='word_1_161' title='bbox 749 1947 883 1992; x_wconf 89' lang='lat' dir='ltr'>albus</span> <span class='ocrx_word' id='word_1_162' title='bbox 909 1963 1027 2009; x_wconf 90' lang='lat' dir='ltr'>aqua</span> <span class='ocrx_word' id='word_1_163' title='bbox 1054 1947 1306 2009; x_wconf 89' lang='lat' dir='ltr'>fontesque</span> <span class='ocrx_word' id='word_1_164' title='bbox 1331 1946 1516 2004; x_wconf 90' lang='lat' dir='ltr'>Velini,</span> 
     </span>
     <span class='ocr_line' id='line_1_27' title="bbox 374 2013 1570 2075; baseline 0 -16"><span class='ocrx_word' id='word_1_165' title='bbox 374 2025 420 2059; x_wconf 93' lang='lat' dir='ltr'>et</span> <span class='ocrx_word' id='word_1_166' title='bbox 446 2013 657 2075; x_wconf 90' lang='lat' dir='ltr'>trepidae</span> <span class='ocrx_word' id='word_1_167' title='bbox 683 2026 853 2059; x_wconf 91' lang='lat' dir='ltr'>matres</span> <span class='ocrx_word' id='word_1_168' title='bbox 879 2029 1088 2075; x_wconf 87' lang='lat' dir='ltr'>pressere</span> <span class='ocrx_word' id='word_1_169' title='bbox 1115 2013 1172 2059; x_wconf 91' lang='lat' dir='ltr'>ad</span> <span class='ocrx_word' id='word_1_170' title='bbox 1198 2027 1392 2075; x_wconf 86' lang='lat' dir='ltr'>pectora</span> <span class='ocrx_word' id='word_1_171' title='bbox 1419 2026 1570 2060; x_wconf 86' lang='lat' dir='ltr'>natos.</span> 
     </span>
     <span class='ocr_line' id='line_1_28' title="bbox 373 2071 1666 2142; baseline 0.001 -17"><span class='ocrx_word' id='word_1_172' title='bbox 373 2093 474 2125; x_wconf 88' lang='lat' dir='ltr'>turn</span> <span class='ocrx_word' id='word_1_173' title='bbox 502 2096 613 2125; x_wconf 89' lang='lat' dir='ltr'>vero</span> <span class='ocrx_word' id='word_1_174' title='bbox 639 2079 697 2125; x_wconf 92' lang='lat' dir='ltr'>ad</span> <span class='ocrx_word' id='word_1_175' title='bbox 724 2096 887 2126; x_wconf 86' lang='lat' dir='ltr'>vocem</span> <span class='ocrx_word' id='word_1_176' title='bbox 915 2080 1105 2137; x_wconf 82' lang='lat' dir='ltr'>celeres,</span> <span class='ocrx_word' id='word_1_177' title='bbox 1133 2096 1225 2142; x_wconf 91' lang='lat' dir='ltr'>qua</span> <span class='ocrx_word' id='word_1_178' title='bbox 1264 2071 1437 2133; x_wconf 66' lang='lat' dir='ltr'>buciha</span> <span class='ocrx_word' id='word_1_179' title='bbox 1481 2079 1666 2140; x_wconf 91' lang='lat' dir='ltr'>signum</span> 
     </span>
     <span class='ocr_line' id='line_1_29' title="bbox 372 2145 1799 2212; baseline 0.001 -21"><span class='ocrx_word' id='word_1_180' title='bbox 372 2146 473 2192; x_wconf 92' lang='lat' dir='ltr'>dira</span> <span class='ocrx_word' id='word_1_181' title='bbox 499 2146 648 2203; x_wconf 89' lang='lat' dir='ltr'>dedit,</span> <span class='ocrx_word' id='word_1_182' title='bbox 676 2146 820 2208; x_wconf 88' lang='lat' dir='ltr'>raptis</span> <span class='ocrx_word' id='word_1_183' title='bbox 847 2159 1142 2212; x_wconf 74' lang='lat' dir='ltr'>concurrunt</span> <span class='ocrx_word' id='word_1_184' title='bbox 1169 2146 1382 2208; x_wconf 90' lang='lat' dir='ltr'>undique</span> <span class='ocrx_word' id='word_1_185' title='bbox 1412 2145 1517 2192; x_wconf 90' lang='lat' dir='ltr'>telis</span> <span class='ocrx_word' id='word_1_186' title='bbox 1737 2170 1799 2199; x_wconf 84' lang='lat'>520</span> 
     </span>
     <span class='ocr_line' id='line_1_30' title="bbox 372 2212 1564 2274; baseline 0 -16"><span class='ocrx_word' id='word_1_187' title='bbox 372 2212 595 2258; x_wconf 89' lang='lat' dir='ltr'>indomiti</span> <span class='ocrx_word' id='word_1_188' title='bbox 623 2213 856 2274; x_wconf 87' lang='lat' dir='ltr'>agricolae</span> <span class='ocrx_word' id='word_1_189' title='bbox 879 2231 893 2266; x_wconf 90' lang='lat'>;</span> <span class='ocrx_word' id='word_1_190' title='bbox 930 2229 1019 2259; x_wconf 92' lang='lat' dir='ltr'>nec</span> <span class='ocrx_word' id='word_1_191' title='bbox 1048 2221 1144 2258; x_wconf 83' lang='lat' dir='ltr'>non</span> <span class='ocrx_word' id='word_1_192' title='bbox 1172 2222 1218 2259; x_wconf 84' lang='lat' dir='ltr'>e&#39;t</span> <span class='ocrx_word' id='word_1_193' title='bbox 1244 2213 1392 2258; x_wconf 77' lang='lat' dir='ltr'>Tro&#39;sa</span> <span class='ocrx_word' id='word_1_194' title='bbox 1417 2212 1564 2274; x_wconf 86' lang='lat' dir='ltr'>pubes</span> 
     </span>
     <span class='ocr_line' id='line_1_31' title="bbox 371 2278 1469 2340; baseline 0.001 -16"><span class='ocrx_word' id='word_1_195' title='bbox 371 2279 577 2325; x_wconf 90' lang='lat' dir='ltr'>Ascanio</span> <span class='ocrx_word' id='word_1_196' title='bbox 603 2279 836 2325; x_wconf 84' lang='lat' dir='ltr'>auxilium</span> <span class='ocrx_word' id='word_1_197' title='bbox 862 2278 1022 2325; x_wconf 88' lang='lat' dir='ltr'>castris</span> <span class='ocrx_word' id='word_1_198' title='bbox 1049 2278 1253 2325; x_wconf 89' lang='lat' dir='ltr'>effundit</span> <span class='ocrx_word' id='word_1_199' title='bbox 1280 2279 1469 2340; x_wconf 87' lang='lat' dir='ltr'>apertis.</span> 
     </span>
     <span class='ocr_line' id='line_1_32' title="bbox 373 2344 1553 2405; baseline 0 -15"><span class='ocrx_word' id='word_1_200' title='bbox 373 2345 599 2391; x_wconf 83' lang='lat' dir='ltr'>derexere</span> <span class='ocrx_word' id='word_1_201' title='bbox 626 2345 765 2392; x_wconf 80' lang='lat' dir='ltr'>acies,</span> <span class='ocrx_word' id='word_1_202' title='bbox 837 2362 934 2392; x_wconf 92' lang='lat' dir='ltr'>non</span> <span class='ocrx_word' id='word_1_203' title='bbox 961 2345 1054 2391; x_wconf 91' lang='lat' dir='ltr'>iam</span> <span class='ocrx_word' id='word_1_204' title='bbox 1081 2345 1342 2391; x_wconf 88' lang='lat' dir='ltr'>certamine</span> <span class='ocrx_word' id='word_1_205' title='bbox 1363 2344 1553 2405; x_wconf 86' lang='lat' dir='ltr'>agresti,</span> 
     </span>
     <span class='ocr_line' id='line_1_33' title="bbox 373 2410 1498 2473; baseline -0.001 -16"><span class='ocrx_word' id='word_1_206' title='bbox 373 2411 612 2473; x_wconf 87' lang='lat' dir='ltr'>stipitibus</span> <span class='ocrx_word' id='word_1_207' title='bbox 639 2411 766 2457; x_wconf 91' lang='lat' dir='ltr'>duris</span> <span class='ocrx_word' id='word_1_208' title='bbox 793 2411 947 2472; x_wconf 89' lang='lat' dir='ltr'>agitur</span> <span class='ocrx_word' id='word_1_209' title='bbox 971 2411 1224 2457; x_wconf 89' lang='lat' dir='ltr'>sudibusve</span> <span class='ocrx_word' id='word_1_210' title='bbox 1249 2410 1498 2473; x_wconf 87' lang='lat' dir='ltr'>praeustis,</span> 
     </span>
     <span class='ocr_line' id='line_1_34' title="bbox 371 2477 1470 2539; baseline 0 -16"><span class='ocrx_word' id='word_1_211' title='bbox 371 2478 452 2523; x_wconf 91' lang='lat' dir='ltr'>sed</span> <span class='ocrx_word' id='word_1_212' title='bbox 478 2478 602 2523; x_wconf 88' lang='lat' dir='ltr'>ferro</span> <span class='ocrx_word' id='word_1_213' title='bbox 627 2477 823 2539; x_wconf 89' lang='lat' dir='ltr'>ancipiti</span> <span class='ocrx_word' id='word_1_214' title='bbox 850 2478 1132 2535; x_wconf 91' lang='lat' dir='ltr'>decernunt,</span> <span class='ocrx_word' id='word_1_215' title='bbox 1158 2491 1350 2539; x_wconf 88' lang='lat' dir='ltr'>atraque</span> <span class='ocrx_word' id='word_1_216' title='bbox 1375 2477 1470 2523; x_wconf 90' lang='lat' dir='ltr'>late</span> 
     </span>
     <span class='ocr_line' id='line_1_35' title="bbox 371 2543 1619 2606; baseline 0 -16"><span class='ocrx_word' id='word_1_217' title='bbox 371 2543 601 2590; x_wconf 88' lang='lat' dir='ltr'>horrescit</span> <span class='ocrx_word' id='word_1_218' title='bbox 626 2543 797 2589; x_wconf 90' lang='lat' dir='ltr'>strictis</span> <span class='ocrx_word' id='word_1_219' title='bbox 822 2560 948 2604; x_wconf 88' lang='lat' dir='ltr'>seges</span> <span class='ocrx_word' id='word_1_220' title='bbox 975 2544 1180 2601; x_wconf 86' lang='lat' dir='ltr'>ensibus,</span> <span class='ocrx_word' id='word_1_221' title='bbox 1208 2560 1407 2606; x_wconf 89' lang='lat' dir='ltr'>aeraque</span> <span class='ocrx_word' id='word_1_222' title='bbox 1433 2543 1619 2605; x_wconf 91' lang='lat' dir='ltr'>fulgent</span> 
     </span>
     <span class='ocr_line' id='line_1_36' title="bbox 371 2609 1499 2657; baseline 0 -1"><span class='ocrx_word' id='word_1_223' title='bbox 371 2610 470 2657; x_wconf 87' lang='lat' dir='ltr'>sole</span> <span class='ocrx_word' id='word_1_224' title='bbox 494 2610 706 2657; x_wconf 88' lang='lat' dir='ltr'>lacessita</span> <span class='ocrx_word' id='word_1_225' title='bbox 733 2623 780 2657; x_wconf 93' lang='lat' dir='ltr'>et</span> <span class='ocrx_word' id='word_1_226' title='bbox 804 2610 963 2657; x_wconf 91' lang='lat' dir='ltr'>lucem</span> <span class='ocrx_word' id='word_1_227' title='bbox 989 2610 1074 2656; x_wconf 88' lang='lat' dir='ltr'>sub</span> <span class='ocrx_word' id='word_1_228' title='bbox 1101 2610 1263 2656; x_wconf 89' lang='lat' dir='ltr'>nubila</span> <span class='ocrx_word' id='word_1_229' title='bbox 1289 2609 1499 2656; x_wconf 90' lang='lat' dir='ltr'>iactant:</span> 
     </span>
     <span class='ocr_line' id='line_1_37' title="bbox 371 2663 1586 2740; baseline -0.002 -16"><span class='ocrx_word' id='word_1_230' title='bbox 371 2676 544 2724; x_wconf 89' lang='lat' dir='ltr'>fluctus</span> <span class='ocrx_word' id='word_1_231' title='bbox 569 2676 638 2723; x_wconf 92' lang='lat' dir='ltr'>uti</span> <span class='ocrx_word' id='word_1_232' title='bbox 663 2663 819 2740; x_wconf 68' lang='lat' dir='ltr'>primo</span> <span class='ocrx_word' id='word_1_233' title='bbox 846 2676 1004 2738; x_wconf 91' lang='lat' dir='ltr'>coepit</span> <span class='ocrx_word' id='word_1_234' title='bbox 1030 2693 1139 2723; x_wconf 91' lang='lat' dir='ltr'>cum</span> <span class='ocrx_word' id='word_1_235' title='bbox 1165 2676 1402 2723; x_wconf 87' lang='lat' dir='ltr'>albescere</span> <span class='ocrx_word' id='word_1_236' title='bbox 1427 2690 1586 2735; x_wconf 85' lang='lat' dir='ltr'>vento,</span> 
     </span>
    </p>

    <p class='ocr_par' dir='ltr' id='par_1_3' title="bbox 540 2753 1558 2805">
     <span class='ocr_line' id='line_1_38' title="bbox 540 2753 1558 2805; baseline 0 -13"><span class='ocrx_word' id='word_1_237' title='bbox 540 2765 614 2805; x_wconf 82' lang='lat'>502</span> <span class='ocrx_word' id='word_1_238' title='bbox 645 2754 814 2805; x_wconf 86' lang='lat' dir='ltr'>replevit.</span> <span class='ocrx_word' id='word_1_239' title='bbox 927 2764 1002 2805; x_wconf 78' lang='lat'>514</span> <span class='ocrx_word' id='word_1_240' title='bbox 1031 2753 1212 2792; x_wconf 82' lang='lat' dir='ltr'>incendit.</span> <span class='ocrx_word' id='word_1_241' title='bbox 1324 2754 1397 2804; x_wconf 87' lang='lat'>528</span> <span class='ocrx_word' id='word_1_242' title='bbox 1429 2760 1558 2803; x_wconf 89' lang='lat' dir='ltr'>ponto.</span> 
     </span>
    </p>
   </div>
  </div>
 </body>
</html>
