1861 3256
560 212 836 252 AENEIDOS
866 212 970 253 LIB.
999 213 1020 251 I

117 322 198 386 qui
223 321 421 385 dapibus
445 337 626 367 mensas
652 333 853 366 onerent
879 334 925 367 et
950 321 1121 383 pocula
1144 334 1340 384 ponant.

115 406 206 436 nec
233 406 331 435 non
357 403 404 435 et
429 387 568 450 Tyrii
594 404 677 450 per
703 386 868 433 limina
894 388 1014 434 laeta
1037 389 1309 463 frequentes

117 465 398 511 convenere,
426 454 534 501 toris
561 453 669 500 iussi
696 453 993 501 discumbere
1019 455 1174 517 pictis.

117 523 348 569 mirantur
373 522 495 568 dona
519 523 725 577 Aeneae,
755 519 985 567 mirantur
1010 523 1174 569 Iulum

115 589 455 653 flagrantesque
481 588 554 635 dei
582 589 740 634 vultus
767 587 1076 652 simulataque
1103 589 1244 636 verba

114 656 382 720 pallamque
410 670 455 702 et
481 655 663 718 pictum
692 671 860 701 croceo
886 656 1102 702 velamen
1129 657 1345 704 acantho.

113 723 369 786 praecipue
396 723 578 778 infelix,
606 721 724 784 pesti
753 722 921 768 devota
945 723 1147 778 futurae,

115 790 296 852 expleri
324 804 536 836 mentem
561 789 729 853 nequit
757 789 1049 852 ardescitque
1076 790 1254 836 tuendo

117 856 386 914 Phoenissa,
413 871 458 903 et
482 856 654 919 pariter
680 873 828 918 puero
855 856 1082 920 donisque
1109 871 1341 904 movetur.

114 923 196 970 ille
224 923 302 970 ubi
330 924 584 986 complexu
610 925 802 970 Aeneae
832 924 1051 987 colloque
1077 924 1305 986 pependit

114 1003 161 1037 et
187 1007 412 1051 magnum
440 991 540 1037 falsi
567 990 770 1052 inplevit
797 990 1019 1052 genitoris
1047 1008 1270 1048 amorem,

113 1058 323 1118 reginam
349 1057 484 1120 petit.
554 1059 671 1105 haec
700 1058 870 1116 oculis,
895 1059 1009 1105 haec
1036 1073 1225 1121 pectore
1253 1071 1352 1105 toto

112 1126 274 1172 haeret
300 1139 346 1172 et
371 1125 611 1172 interdum
637 1125 817 1186 gremio
846 1126 989 1183 fovet,
1016 1125 1162 1172 inscia
1187 1125 1329 1179 Dido,

113 1192 285 1238 insidat
310 1206 511 1256 quantus
537 1192 730 1239 miserae
760 1193 889 1240 deus,
960 1206 1005 1239 at
1031 1210 1213 1239 memor
1237 1193 1319 1238 ille

113 1259 272 1306 matris
297 1260 542 1307 Acidaliae
569 1260 798 1322 paulatim
828 1260 1013 1307 abolere
1041 1261 1307 1322 Sychaeum

114 1326 300 1389 incipit,
329 1341 375 1374 et
400 1327 506 1373 vivo
534 1342 734 1391 temptat
762 1342 1057 1391 praevertere
1084 1343 1241 1374 amore

115 1394 207 1441 iam
233 1394 419 1456 pridem
446 1395 616 1441 resides
645 1395 824 1441 animos
851 1395 1133 1459 desuetaque
1161 1395 1318 1441 corda.

1485 225 1555 264 113

1501 612 1562 643 710

1499 1283 1562 1313 720

183 1475 429 1524 postquam
455 1462 605 1524 prima
632 1462 764 1525 quies
792 1462 957 1525 epulis,
985 1479 1267 1525 mensaeque
1292 1474 1513 1516 remotae,

115 1542 312 1575 crateras
339 1545 530 1590 magnos
559 1542 770 1576 statuunt
799 1544 843 1576 et
871 1529 980 1575 vina
1005 1542 1250 1576 coronant.

115 1595 150 1642 it
176 1595 395 1657 strepitus
422 1596 557 1642 tectis
584 1613 846 1660 vocemque
871 1613 955 1658 per
980 1596 1133 1658 ampla
1158 1596 1377 1642 volutant

115 1663 228 1709 atria
250 1683 264 1719 3
300 1663 573 1724 dependent
599 1663 764 1724 lychni
793 1663 1086 1726 laquearibus
1113 1662 1261 1709 aureis

114 1730 312 1785 incensi,
342 1744 388 1776 et
413 1743 605 1776 noctem
633 1729 833 1776 flammis
862 1729 1040 1777 funalia
1064 1729 1283 1777 vincunt.

113 1797 189 1843 hic
218 1797 375 1858 regina
399 1813 588 1858 gravem
614 1797 812 1858 gemmis
840 1814 1042 1861 auroque
1069 1796 1283 1860 poposcit

113 1864 406 1928 inplevitque
432 1881 562 1911 mero
587 1878 815 1927 pateram,
841 1881 981 1928 quam
1008 1864 1150 1911 Belus
1177 1878 1223 1912 et
1247 1880 1411 1911 omnes

114 1949 138 1977 a
164 1932 282 1978 Belo
302 1932 424 1978 soliti
448 1952 462 1988 ;
499 1945 602 1978 turn
630 1932 751 1978 facta
777 1932 962 1979 silentia
988 1932 1122 1979 tectis
1148 1951 1158 1979 :

82 1999 341 2062 ‘Iuppiter,
366 1999 627 2061 hospitibus
656 2016 767 2046 nam
795 2013 840 2046 te
867 1999 1012 2046 dare
1001 2017 1101 2046 iura
1125 2000 1403 2063 loquuntur,

113 2067 242 2113 hunc
270 2066 446 2113 laetum
474 2066 728 2130 Tyriisque
757 2066 885 2113 diem
913 2066 1158 2142 Troiaque
1183 2065 1413 2129 profectis

115 2150 210 2180 esse
236 2133 369 2190 velis,
396 2147 669 2197 nostrosque
699 2134 838 2181 huius
868 2133 1137 2180 meminisse
1164 2133 1385 2180 minores,

115 2200 230 2247 adsit
255 2200 461 2248 laetitiae
489 2200 705 2248 Bacchus
731 2201 862 2247 dator
890 2214 936 2247 et
963 2200 1084 2247 bona
1110 2201 1268 2247 Iuno·
1256 2220 1270 2256 3

115 2280 162 2314 et
188 2285 266 2315 vos
290 2285 318 2314 o
344 2282 548 2325 coetum,
578 2268 733 2330 Tyrii,
762 2267 996 2314 celebrate
1022 2267 1260 2314 faventes?

116 2334 250 2391 dixit,
279 2348 325 2382 et
350 2335 400 2382 in
427 2352 637 2382 mensam
665 2335 862 2382 laticum
889 2334 1054 2382 libavit
1078 2335 1324 2390 honorem,

118 2400 358 2464 primaque
384 2403 530 2450 libato
555 2419 741 2450 summo
767 2416 904 2449 tenus
931 2402 1085 2463 attigit
1109 2419 1188 2448 ore
1211 2422 1225 2458 ;

120 2480 222 2513 tum
249 2468 398 2516 Bitiae
424 2470 553 2516 dedit
578 2469 867 2533 increpitans
892 2490 905 2526 3
943 2469 1023 2516 ille
1050 2469 1235 2533 inpiger
1258 2468 1415 2516 hausit

119 2549 416 2596 spumantem
441 2551 650 2599 pateram
677 2551 723 2584 et
749 2537 894 2599 pleno
920 2553 965 2583 se
991 2537 1169 2599 proluit
1194 2554 1307 2584 auro
1330 2557 1342 2592 ;

119 2615 222 2664 post
247 2601 325 2647 alii
351 2619 579 2664 proceres.
650 2604 826 2651 cithara
852 2604 1052 2651 crinitus
1078 2605 1214 2667 Iopas

120 2681 339 2730 personat
364 2684 534 2728 aurata,
562 2670 724 2718 docuit
751 2688 893 2734 quem
920 2672 1155 2718 maximus
1179 2671 1328 2718 Atlas.

553 2759 630 2797 719
660 2748 838 2787 insideat.
897 2759 973 2798 725
1007 2748 1065 2787 fit.

806 2816 828 2848 Ι

1499 1955 1560 1986 730

1499 2625 1561 2656 740
