1866 3208
238 263 281 301 P.
313 260 547 300 VERGILI
577 258 834 296 MARONIS
865 257 1139 296 AENEIDOS
1170 257 1274 295 LIB.
1304 258 1367 295 IX
1479 268 1553 309 275

129 370 377 430 Messapus
401 366 574 430 primas
599 364 738 422 acieS,
764 379 1005 427 postrema
1030 372 1252 412 coe'rcent

126 435 397 498 Tyrrhidae
423 434 651 489 iuvenes;
687 432 847 478 medio
873 433 969 479 dux
997 432 1184 494 agmine
1211 432 1409 479 Turnus

127 502 349 564 [vertitur
374 517 499 548 arma
523 512 693 546 tenens
721 511 769 545 et
795 512 894 545 toto
920 500 1099 546 vertice
1126 517 1264 562 supra
1291 499 1397 561 est].

126 587 214 616 ceu
241 582 424 632 septem
450 583 641 628 surgens
667 565 839 612 sedatis
867 566 1084 613 amnibus
1111 567 1230 613 altus
1519 590 1559 621 30

124 654 209 699 per
233 635 433 682 tacitum
461 635 651 694 Ganges
678 646 759 679 aut
784 632 950 695 pingui
978 633 1178 680 flumine
1204 633 1350 680 Nilus

126 720 236 750 cum
262 702 422 748 refluit
447 700 622 764 campis
650 713 697 746 et
723 700 817 746 iam
843 717 891 746 se
918 700 1137 746 condidit
1164 701 1315 748 alveo,

124 770 203 816 hic
232 769 436 815 subitam
463 768 595 828 nigro
621 767 871 828 glomerari
897 768 1095 830 pulvere
1122 768 1302 814 nubem

124 836 424 899 prospiciunt
451 833 632 881 Teucri
661 851 713 881 ac
740 834 956 880 tenebras
984 833 1222 895 insurgere
1249 834 1446 897 campis.

125 904 304 966 primus
332 903 388 949 ab
415 902 606 948 adversa
633 901 902 948 conclamat
928 901 1055 947 mole
1084 901 1289 948 Caicus:

95 974 107 994 ‘
127 970 229 1032 quis
256 970 435 1031 globus,
462 986 489 1014 o
515 968 657 1026 cives,
686 968 889 1029 caligine
916 968 1123 1014 volvitur
1149 972 1278 1014 atra?

125 1038 245 1082 ferte
272 1036 354 1082 citi
381 1037 574 1093 ferrum,
603 1036 711 1082 date
740 1037 848 1093 tela,
875 1035 1118 1082 ascendite
1145 1052 1317 1092 muros,

125 1103 270 1150 hostis
294 1103 438 1161 adest,
466 1103 573 1149 heia
592 1103 600 1151 l
618 1103 629 1123 '
700 1103 886 1164 ingenti
914 1103 1122 1149 clamore
1148 1120 1231 1165 per
1256 1118 1421 1148 omnes

125 1170 340 1217 condunt
366 1187 412 1216 se
439 1170 621 1216 Teucri
646 1184 803 1233 portas
832 1183 878 1217 et
903 1169 1092 1216 moenia
1118 1169 1382 1231 complent.

125 1254 330 1300 namque
355 1237 422 1283 ita
448 1237 696 1284 discedens
721 1251 1026 1300 praeceperat
1051 1237 1258 1299 optimus
1285 1235 1424 1282 armis
1523 1260 1564 1288 40

122 1305 339 1351 Aeneas:
377 1304 412 1350 si
440 1322 531 1368 qua
559 1304 742 1351 interea
767 1305 957 1351 fortuna
982 1304 1163 1361 fuisset,

125 1389 219 1417 neu
247 1385 427 1418 struere
453 1371 682 1419 auderent
706 1371 858 1418 aciem
884 1389 978 1418 neu
1006 1371 1195 1418 credere
1221 1387 1421 1433 campo3

125 1452 273 1485 castra
298 1439 440 1484 modo
467 1452 513 1485 et
539 1452 666 1485 tutos
692 1452 934 1486 servarent
960 1455 1125 1513 aggere
1151 1455 1323 1485 muros.

126 1522 234 1565 ergo
261 1505 344 1551 etsi
371 1506 590 1552 conferre
616 1522 813 1552 manum
839 1505 1029 1569 pudor
1018 1522 1179 1568 lraque
1207 1517 1454 1561 monstrat,

125 1572 344 1619 obiciunt
370 1587 524 1634 portas
552 1586 713 1619 tamen
742 1586 789 1619 et
814 1586 1068 1635 praecepta
1095 1573 1349 1629 facessunt,

125 1639 389 1702 armatique
417 1640 542 1686 cavis
571 1653 851 1702 exspectant
878 1640 1085 1686 turribus
1110 1640 1314 1686 hostem.

126 1707 324 1753 Turnus
351 1720 403 1752 ut
430 1721 540 1753 ante
566 1708 732 1753 volans
760 1707 947 1753 tardum
972 1718 1290 1768 praecesserat
1317 1722 1504 1767 agmen,

124 1773 308 1850 viginti·
321 1773 458 1820 lectis
486 1774 702 1836 equitum
730 1774 984 1820 comitatus
1013 1786 1060 1820 et
1086 1773 1188 1819 urbi

126 1840 390 1903 inprovisus
417 1841 579 1898 adest3
617 1841 814 1887 maculis
843 1858 985 1904 quem
1013 1840 1254 1886 Thracius
1282 1840 1397 1886 albis

125 1922 279 1971 portat
305 1925 453 1971 equus
481 1908 717 1972 cristaque
745 1908 861 1969 tegit
886 1909 1016 1969 galea
1043 1925 1183 1954 aurea
1208 1908 1364 1954 rubra.
1525 1930 1565 1959 50

94 1975 288 2038 ‘ecquis
315 1975 420 2033 erit,
448 1993 655 2033 mecum,
683 1976 896 2033 iuvenes,
922 1975 1003 2039 qui
1029 1975 1208 2050 primus
1235 1975 1285 2021 in
1312 1976 1528 2020 hostem?

128 2040 297 2088 en-—?’
335 2042 414 2100 ait,
443 2056 490 2088 et
515 2042 728 2089 iaculum
755 2056 1029 2105 attorquens
1057 2042 1234 2089 emittit
1259 2041 1310 2087 in
1339 2058 1484 2097 auras,

126 2109 421 2171 principium
446 2127 650 2172 pugnae,
679 2122 726 2156 et
753 2127 921 2171 campo
948 2126 1046 2155 sese
1073 2109 1244 2155 arduus
1270 2108 1431 2154 infert.

126 2177 383 2223 clamorem
408 2177 658 2239 excipiunt
684 2177 797 2223 socii
825 2176 1115 2239 fremituque
1141 2188 1407 2239 sequuntur

126 2244 401 2300 horrisono3
439 2244 686 2290 Teucrum
713 2244 947 2290 mirantur
971 2243 1145 2290 inertia
1172 2242 1311 2289 corda
1336 2260 1346 2288 :

128 2327 222 2356 non
249 2328 400 2386 aequo
426 2311 536 2357 dare
563 2329 608 2357 se
636 2329 818 2373 campo,
848 2329 945 2358 non
971 2310 1110 2357 obvia
1135 2311 1258 2356 ferre

129 2394 255 2424 arma
273 2377 410 2435 viros,
433 2378 514 2424 sed
534 2392 683 2426 castra
704 2380 881 2426 fovere.
952 2380 1047 2425 huc
1070 2377 1283 2425 turbidus
1304 2389 1447 2439 atque
1467 2375 1561 2420 huc

128 2443 294 2490 lustrat
318 2462 440 2508 equo
466 2463 623 2492 muros
651 2446 929 2508 aditumque
954 2463 1038 2508 per
1064 2444 1166 2491 avia
1192 2443 1393 2507 quaerit.

130 2527 182 2555 ac
208 2511 357 2558 veluti
382 2513 527 2574 pleno
554 2513 694 2576 lupus
720 2513 968 2560 insidiatus
994 2511 1108 2558 ovili

131 2593 241 2622 cum
267 2576 424 2624 fremit
448 2580 505 2625 ad
529 2581 701 2637 caulas,
728 2594 895 2626 ventos
920 2596 1168 2643 perpessus
1196 2592 1244 2624 et
1267 2576 1456 2632 imbreS‚
1522 2588 1564 2619 60

131 2657 274 2689 nocte
300 2660 438 2705 super
461 2646 648 2701 media;
685 2647 776 2693 tuti
804 2647 890 2692 sub
916 2646 1143 2693 matribus
1168 2643 1275 2704 agni

132 2709 339 2756 balatum
364 2726 620 2769 exercent3
656 2713 738 2759 ille
765 2730 901 2775 asper
927 2726 973 2759 et
998 2712 1231 2773 inprobus
1248 2710 1316 2755 ira

274 2802 319 2839 37
351 2798 387 2827 et
408 2792 587 2832 scandite.
701 2804 744 2844 51
778 2800 815 2830 et
835 2792 928 2843 quis.
1043 2802 1089 2841 52
1120 2791 1352 2839 intorquens.
