1866 3208
272 241 350 280 330
718 230 762 268 P.
791 228 1028 268 VERGILI
1058 229 1316 268 MARONIS

337 337 609 384 innumeras
635 349 844 382 struxere
869 353 1002 398 pyras
1025 357 1039 393 ;
1076 349 1123 383 et
1149 354 1345 399 corpora
1369 336 1538 399 partim

336 404 487 450 multa
510 403 664 449 virum
691 415 837 449 terrae
863 402 1124 460 infodiunt,
1149 417 1405 466 avectaque
1429 404 1599 466 partim

336 470 562 516 finitimos
588 469 765 515 tollunt
789 469 838 514 in
866 486 1011 530 agros,
1037 470 1236 533 urbique
1262 469 1512 517 remittunt
1535 491 1549 527 ;

335 550 505 591 cetera,
533 536 850 598 confusaeque
876 536 1119 597 ingentem
1145 536 1296 583 caedis
1325 553 1560 594 acervum,

337 619 424 649 nec
453 619 652 649 numero
677 619 763 648 nec
791 603 968 648 honore
995 617 1208 650 cremant
1232 623 1244 659 ;
1281 616 1394 649 tunc
1417 604 1627 667 undique
1646 605 1761 651 vasti

336 669 552 716 certatim
579 669 751 715 crebris
776 669 1019 716 collucent
1044 670 1231 730 ignibus
1257 669 1366 730 agri.

336 736 473 782 tertia
497 736 579 782 lux
605 735 809 797 gelidam
836 736 966 782 caelo
992 736 1251 782 dimoverat
1277 736 1492 782 umbram
1518 755 1528 783 :
1703 763 1764 783 210

335 816 594 849 maerentes
620 802 768 848 altum
794 802 1003 848 cinerem
1033 815 1078 849 et
1105 804 1298 849 confusa
1323 803 1520 849 ruebant

335 886 432 915 ossa
457 869 588 925 fociS,
616 869 871 931 tepidoque
897 870 1157 916 onerabant
1183 886 1347 930 aggere
1375 883 1538 917 terrae.

336 936 427 982 iam
451 952 559 982 vero
584 935 633 982 in
661 935 814 992 tectis,
839 935 1109 998 praedivitis
1138 936 1250 982 urbe
1275 935 1451 993 Latini,

336 1002 613 1065 praecipuus
639 1002 790 1063 fragor
817 1016 862 1048 et
889 1002 1015 1063 longi
1041 1019 1145 1065 pars
1170 1002 1373 1049 maxima
1399 1004 1571 1049 luctus.

336 1070 414 1116 hic
440 1083 609 1116 matres
634 1068 924 1131 miseraeque
950 1086 1112 1125 nurus,
1137 1069 1214 1115 hic
1243 1086 1348 1116 cara
1373 1086 1580 1116 sororum

335 1150 525 1198 pectora
550 1149 858 1191 maerentum,
886 1135 1115 1198 puerique
1141 1136 1414 1198 parentibus
1439 1136 1554 1192 orbi,

334 1203 490 1250 dirum
517 1216 818 1249 exsecrantur
841 1202 1022 1248 bellum
1049 1202 1304 1265 Turnique
1329 1204 1612 1263 hymenaeos
1634 1222 1649 1256 ;

335 1269 489 1331 ipsum
515 1270 666 1326 armis,
694 1269 942 1332 ipsumque
963 1268 1130 1316 iubent
1157 1269 1409 1315 decernere
1435 1270 1575 1325 ferro,

335 1336 416 1399 qui
443 1352 640 1396 regnum
670 1336 832 1382 Italiae
859 1349 905 1381 et
931 1335 1108 1398 primos
1136 1335 1221 1381 sibi
1248 1347 1408 1397 poscat
1433 1336 1652 1382 honores,

335 1403 543 1464 ingravat
568 1404 683 1449 haec
713 1420 871 1449 saevus
896 1402 1123 1457 Drances,
1154 1402 1400 1464 solumque
1426 1401 1582 1448 vocari
1704 1426 1765 1448 220

336 1483 543 1524 testatur,
571 1470 721 1516 solum
748 1469 875 1531 posci
904 1469 952 1515 in
981 1468 1238 1514 certamina
1265 1468 1506 1515 Turnum.

337 1537 484 1583 multa
509 1537 649 1582 simul
676 1551 841 1583 contra
865 1536 1000 1581 variis
1028 1535 1261 1581 sententia
1287 1535 1427 1581 dictis

335 1621 418 1665 pro
444 1604 618 1650 Turno
640 1623 653 1657 ;
690 1616 736 1649 et
762 1619 984 1663 magnum
1011 1601 1198 1662 reginae
1224 1618 1397 1648 nomen
1424 1601 1672 1648 obumbrat
1694 1621 1708 1655 3

336 1670 486 1716 multa
512 1670 666 1716 virum
694 1670 872 1716 meritis
898 1682 1126 1715 sustentat
1152 1669 1273 1714 fama
1298 1668 1511 1731 tropaeis.

403 1738 484 1782 hos
510 1736 635 1782 inter
661 1750 830 1792 motus,
857 1735 1013 1782 medio
1039 1735 1087 1780 in
1116 1734 1340 1796 flagrante
1365 1735 1593 1791 tumultu,

336 1819 466 1860 ecce,
490 1818 628 1864 super
653 1802 814 1848 maesti
841 1818 1006 1862 magna
1031 1801 1277 1847 Diomedis
1303 1802 1360 1847 ab
1385 1802 1498 1848 urbe

336 1870 476 1931 legati
502 1886 719 1931 responsa
747 1869 906 1915 ferunt
930 1887 940 1914 :
980 1868 1098 1913 nihil
1128 1868 1347 1914 omnibus
1372 1882 1529 1915 actum

337 1950 576 1983 tantorum
602 1935 808 1997 inpensis
833 1951 1027 1996 operum
1049 1954 1064 1988 3
1100 1935 1168 1981 nil
1195 1935 1331 1990 dona,
1359 1952 1514 1998 neque
1540 1951 1722 1992 aurum,
1853 1982 1860 2001 ³

336 2019 423 2049 nec
450 2019 637 2063 magnas
662 2001 856 2048 valuisse
883 2018 1042 2064 preces
1068 2022 1080 2057 ;
1117 2001 1207 2048 alia
1231 2018 1354 2047 arma
1379 2002 1564 2048 Latinis
1849 2003 1863 2034 ἕ

336 2068 617 2132 quaerenda,
645 2082 724 2115 aut
749 2085 912 2131 pacem
942 2068 1154 2114 Troiano
1181 2069 1237 2114 ab
1260 2085 1366 2129 rege
1392 2069 1668 2131 petendum.
1701 2094 1763 2124 230
1848 2047 1863 2140 Ξ

335 2136 497 2182 deficit
523 2136 703 2196 ingenti
732 2137 864 2182 luctu
893 2152 972 2181 rex
1000 2135 1098 2197 ipse
1125 2135 1337 2182 Latinus.
1848 2127 1866 2222 i

1851 2241 1866 2263 ’1

336 2203 524 2249 fatalem
549 2204 745 2249 Aenean
775 2202 1025 2248 manifesto
1053 2202 1251 2248 numine
1277 2202 1386 2248 ferri

335 2269 595 2315 admonet
584 2286 650 2315 ira
674 2269 817 2315 deum
845 2269 1113 2344 tumulique
1140 2283 1247 2315 ante
1272 2286 1350 2315 ora
1373 2281 1599 2315 recentes.

336 2352 445 2396 ergo
471 2335 731 2382 concilium
758 2353 981 2411 magnum
1008 2336 1277 2398 primosque
1302 2351 1493 2381 suorum
1844 2350 1866 2370 ψ’

335 2402 534 2464 imperio
560 2403 732 2448 accitos
758 2404 847 2449 alta
874 2403 994 2448 intra
1019 2401 1185 2447 limina
1210 2401 1350 2462 cogit.

335 2469 417 2514 olli
444 2485 724 2524 convenere,
753 2468 1006 2531 fluuntque
1031 2468 1089 2513 ad
1114 2467 1238 2528 regia
1263 2467 1415 2529 plenis

335 2549 457 2582 tecta
480 2536 582 2582 viis.
653 2535 781 2581 sedet
806 2535 855 2581 in
882 2534 1048 2580 mediis
1075 2547 1120 2581 et
1145 2535 1374 2580 maximus
1400 2551 1513 2580 aevo

336 2616 382 2649 et
407 2602 584 2665 primus
611 2601 820 2664 sceptris,
845 2601 970 2647 haud
995 2601 1115 2647 laeta
1142 2601 1312 2655 fronte,
1340 2601 1553 2647 Latinus.

336 2683 475 2732 atque
501 2669 578 2715 hic
605 2668 780 2729 legatos
806 2668 976 2714 Aetola
1002 2684 1058 2713 ex
1085 2667 1199 2713 urbe
1225 2667 1453 2724 remissos,

470 2756 547 2792 2¹4
576 2747 697 2792 longe.
810 2755 885 2780 220
914 2751 951 2780 et
971 2756 1113 2782 saevus.
1225 2755 1301 2792 230
1332 2744 1542 2793 petendam.
