1861 3256
319 305 392 345 134
760 293 804 330 P.
834 292 1066 330 VERGILI
1097 293 1354 331 MARONIS

381 400 665 447 insertabam
692 411 872 461 aptam,
899 416 1069 462 meque
1097 413 1226 447 extra
1253 413 1377 446 tecta
1404 399 1631 461 fetebam.

383 484 494 514 ecce
519 480 676 513 autem
703 466 952 527 complexa
975 466 1119 528 pedes
1145 466 1195 512 in
1222 466 1389 512 limine
1416 464 1625 512 coniunx

381 533 618 589 haerebat,
644 549 937 594 parvumque
961 532 1083 595 patri
1111 533 1338 579 tendebat
1364 532 1556 578 Iulum:

352 599 417 644 ‘si
443 597 677 660 periturus
704 598 816 656 abis,
845 612 891 645 et
916 615 1000 645 nos
1026 617 1136 662 rape
1162 600 1212 645 in
1238 598 1396 645 omnia
1425 611 1615 644 tecum·
1601 634 1616 652 ,

384 664 455 710 sin
481 664 685 739 aliquam
715 678 933 727 expertus
959 666 1155 728 sumptis
1181 682 1312 739 spem
1338 664 1474 727 ponis
1501 664 1551 710 in
1578 665 1731 721 armis,

383 730 506 776 hanc
530 730 736 792 primum
764 744 915 778 tutare
940 731 1151 780 domum.
1222 731 1297 778 cui
1323 748 1492 794 parvus
1518 731 1666 789 Iulus,

384 795 459 842 cui
487 809 631 857 pater,
660 809 706 843 et
731 798 942 844 coniunx
967 799 1208 874 quondam
1235 811 1313 844 tua
1339 797 1467 843 dicta
1497 796 1803 860 relinquor.’
1765 815 1776 832 r

452 861 563 908 talia
586 862 851 910 vociferans
876 865 1054 925 gemitu
1082 877 1262 911 tectum
1288 880 1432 910 omne
1456 863 1703 926 replebat3

384 943 493 974 cum
517 928 723 975 subitum
750 929 975 993 dictuque
1000 931 1149 977 oritur
1173 930 1390 977 mirabile
1416 943 1699 977 monstrum.
1749 945 1811 976 680

385 1010 590 1056 namque
615 1011 781 1042 manus
805 995 931 1043 inter
956 1010 1337 1073 maestorumque
1363 1014 1442 1043 ora
1466 1010 1721 1060 parentum

386 1076 496 1106 ecce
523 1060 638 1107 levis
664 1079 847 1109 summo
871 1062 930 1109 de
955 1063 1134 1110 vertice
1158 1063 1280 1110 visus
1308 1063 1401 1110 Iuli

384 1126 586 1173 fundere
611 1126 775 1175 lumen
802 1145 936 1192 apex,
965 1142 1188 1194 tactuque
1214 1130 1409 1176 innoxia
1435 1130 1604 1176 molles

384 1192 594 1239 lambere
620 1193 808 1240 flamma
833 1211 1004 1254 comas,
1034 1209 1080 1242 et
1105 1196 1285 1243 circum
1312 1209 1526 1258 tempora
1551 1195 1696 1258 pasci.

385 1275 468 1305 nos
495 1260 652 1321 pavidi
681 1261 917 1323 trepidare
942 1275 1089 1320 metu,
1116 1261 1395 1325 crinemque
1421 1261 1701 1322 flagrantem

387 1339 624 1383 excutere,
653 1339 700 1372 et
724 1340 907 1373 sanctos
933 1328 1224 1388 restinguere
1250 1327 1462 1374 fontibus
1488 1328 1635 1388 ignes.

386 1404 432 1438 at
456 1406 591 1454 pater
614 1393 845 1440 Anchises
870 1394 1032 1440 oculos
1058 1394 1116 1440 ad
1141 1392 1293 1440 sidera
1319 1394 1469 1440 laetus

387 1458 574 1515 extulit,
602 1471 649 1505 et
673 1459 806 1506 caelo
831 1461 1010 1522 palmas
1037 1477 1145 1506 curn
1172 1477 1289 1506 voce
1317 1460 1553 1506 tetendit:

385 1525 603 1587 Iuppiter
626 1525 944 1588 omnipotens,
970 1526 1190 1589 precibus
1216 1526 1251 1572 si
1279 1526 1483 1573 flecteris
1509 1526 1633 1584 ullis,

386 1591 541 1654 aspice
567 1593 810 1639 nos—hoc
838 1606 1157 1650 tantum—et,
1185 1592 1220 1639 si
1246 1594 1425 1656 pietate
1452 1610 1704 1651 meremur,
1755 1607 1817 1648 690

385 1657 443 1704 da
468 1658 645 1704 deinde
671 1659 917 1716 auxilium,
948 1660 1101 1717 Pater,
1129 1673 1270 1722 atque
1295 1661 1412 1706 haec
1439 1660 1600 1706 omina
1626 1659 1792 1707 firma.'

451 1724 530 1770 vix
558 1742 610 1771 ea
636 1724 758 1771 fatus
786 1738 884 1771 erat
909 1725 1080 1783 senior,
1108 1726 1359 1790 subitoque
1386 1727 1568 1787 fragore

385 1790 598 1838 intonuit
623 1790 827 1849 laevum,
856 1804 902 1838 et
928 1792 986 1838 de
1013 1792 1146 1839 caelo
1173 1792 1298 1855 lapsa
1323 1810 1409 1856 per
1435 1793 1623 1839 umbras
1670 1799 1674 1801 ’

385 1858 522 1905 stella
549 1857 703 1904 facem
727 1857 905 1904 ducens
933 1858 1083 1905 multa
1109 1875 1218 1905 cum
1244 1859 1352 1906 luce
1378 1859 1602 1906 cucurrit.

386 1924 535 1981 illam,
561 1941 743 1970 summa
769 1942 907 1987 super
932 1925 1176 1971 labentem
1203 1925 1415 1972 culmina
1442 1926 1574 1983 tecti,

386 1990 625 2037 cernimus
653 1990 794 2037 Idaea
820 1991 995 2038 claram
1020 2008 1067 2038 se
1093 1992 1301 2038 condere
1326 1991 1457 2049 silva,

386 2057 749 2120 signantemque
775 2057 903 2114 vias3
941 2071 1042 2104 tum
1068 2058 1211 2119 longo
1236 2058 1391 2104 limite
1417 2058 1573 2105 sulcus

385 2124 466 2170 dat
491 2124 665 2181 lucem,
695 2137 741 2170 et
766 2123 862 2170 late
889 2124 1069 2171 circum
1096 2124 1200 2171 loca
1227 2125 1417 2187 sulpure
1443 2125 1647 2171 fumant.

385 2191 464 2237 hic
491 2208 602 2237 vero
627 2190 780 2237 victus
806 2191 994 2252 genitor
1018 2208 1066 2238 se
1093 2191 1222 2238 tollit
1247 2191 1306 2238 ad
1331 2209 1478 2249 auras,

386 2257 668 2320 adfaturque
694 2258 822 2315 deos,
851 2271 897 2304 et
923 2271 1139 2304 sanctum
1165 2257 1289 2304 sidus
1315 2258 1493 2304 adorat.
1759 2281 1819 2311 700

355 2323 480 2369 ‘iarn
529 2324 622 2369 iam
672 2324 806 2370 nulla
844 2341 974 2371 mora
1019 2337 1118 2380 est3
1165 2341 1348 2386 sequor,
1393 2336 1454 2380 et,
1499 2340 1591 2386 qua
1627 2323 1817 2380 ducitis,

521 2390 700 2447 adsum,

387 2455 434 2502 di
462 2456 635 2518 patrii;
672 2468 853 2502 servate
879 2456 1092 2514 domum,
1120 2469 1300 2502 servate
1327 2469 1586 2518 nepotem3

386 2536 594 2569 vestrum
631 2523 721 2568 hoc
759 2522 1022 2583 augurium,
1056 2535 1306 2585 vestroque
1344 2522 1394 2568 in
1433 2523 1633 2570 numine
1671 2521 1818 2570 Troia

524 2601 606 2636 est.

388 2655 507 2702 cedo
534 2654 771 2718 equidem,
799 2672 904 2712 nec,
931 2668 1057 2713 nate,
1086 2654 1171 2701 tibi
1199 2672 1356 2702 comes
1382 2655 1450 2702 ire
1476 2655 1674 2703 recus0.'

389 2722 572 2768 dixerat
597 2721 713 2778 ille3
751 2734 797 2768 et
822 2721 914 2767 iam
941 2739 1025 2783 per
1050 2721 1239 2768 moenia
1265 2722 1436 2770 clarior
1461 2721 1582 2783 ignis

790 2799 865 2836 680
896 2799 1033 2837 subito.
1145 2800 1218 2849 683
1251 2801 1375 2838 molli.
