1866 3208
569 242 844 280 AENEIDos
873 242 975 280 ΜΒ.
1006 242 1046 279 Χ
1482 257 1555 295 313

127 352 388 416 infectique
414 349 547 397 mihi.
620 366 716 394 non
742 349 818 395 hic
846 349 1040 396 victoria
1066 350 1312 396 Teucrum

127 419 340 476 vertitur,
366 432 444 464 aut
468 416 622 463 anima
647 432 740 462 una
765 416 893 463 dabit
919 417 1190 463 discrimina
1214 416 1376 464 tanta.'

126 486 319 532 dixerat.
389 487 571 531 Aeneas
596 496 759 529 contra
785 483 861 529 cui
888 484 998 530 talia
1021 484 1211 530 reddit.
1499 510 1561 540 530

95 552 306 627 ‘argenti
333 565 471 614 atque
498 551 593 597 auri
620 566 848 596 memoras
876 567 993 613 quae
1020 552 1169 597 multa
1194 551 1382 608 talenta,

126 619 244 665 natis
269 636 408 681 parce
435 618 540 665 tuis.
613 616 725 663 belli
753 618 1040 664 commercia
1066 619 1262 664 Turnus

124 686 346 732 sustulit
335 700 421 732 ista
447 685 572 748 prior
596 683 687 729 iam
715 698 816 730 tum
846 685 1057 731 Pallante
1083 699 1342 747 perempto.

124 753 212 799 hoc
240 752 378 814 patris
403 751 639 798 Anchisae
669 751 856 807 Manes,
885 753 976 798 hoc
1005 752 1147 799 sentit
1174 753 1334 799 Iulus.'

124 819 187 866 sic
216 819 334 866 fatus
360 820 539 881 galeam
565 819 695 864 laeva
722 832 869 875 tenet,
897 832 1037 881 atque
1063 818 1236 865 reflexa

122 886 306 932 cervice
333 886 507 932 orantis
532 885 701 947 capulo
728 898 863 931 tenus
891 886 1096 948 applicat
1123 903 1298 933 ensem.

121 970 210 1000 nec
235 954 400 1016 procul
428 952 768 1009 Haemonides,
804 953 982 999 Phoebi
1016 952 1304 1016 Triviaeque
1330 954 1554 1010 sacerdoe,

120 1020 271 1067 infula
295 1020 371 1066 cui
398 1036 521 1066 sacra
545 1019 797 1066 redimibat
825 1034 1036 1082 tempora
1063 1020 1193 1077 vitta,

119 1101 244 1134 totus
269 1087 511 1134 collucens
537 1100 665 1133 veste
694 1100 833 1149 atque
860 1087 1122 1147 insignibus
1149 1087 1319 1134 armis·
1307 1124 1320 1143 ‚

118 1171 261 1217 quem
282 1170 550 1215 congressus
578 1154 671 1215 agit
699 1171 881 1216 campo,
905 1155 1181 1229 lapsumque
1203 1169 1469 1216 superstans
1495 1180 1556 1209 540

116 1220 332 1278 inmolat‚
358 1221 636 1284 ingentique
665 1221 830 1267 umbra
858 1221 1005 1281 tegit·
993 1257 1007 1275 ‚
1046 1239 1170 1267 arma
1197 1222 1402 1267 Serestus

116 1288 240 1335 lecta
262 1289 407 1335 refert
433 1289 622 1345 umeris,
651 1289 751 1344 tibi,
781 1306 862 1334 rex
892 1288 1114 1345 Gradive,
1144 1302 1402 1350 tropaeum.

116 1355 375 1402 instaurant
401 1355 521 1402 acies
546 1356 758 1402 Vulcani
786 1356 928 1418 stirpe
956 1370 1138 1402 creatus

118 1422 352 1469 Caeculus
378 1436 424 1469 et
447 1423 641 1469 veniens
673 1424 944 1469 Marsorum
971 1422 1211 1469 montibus
1240 1423 1446 1470 Umbro.

115 1489 407 1536 Dardanides
434 1504 597 1536 contra
622 1490 750 1537 furit.
823 1490 1031 1536 Anxuris
1059 1507 1167 1536 ense
1195 1490 1426 1536 sinistram

116 1571 162 1602 et
188 1570 339 1604 totum
366 1557 509 1619 clipei
536 1558 658 1603 ferro
685 1557 921 1604 deiecerat
947 1557 1109 1603 orbem
1130 1577 1214 1611 3—

114 1623 292 1671 dixerat
317 1624 400 1671 ille
427 1624 605 1687 aliquid
632 1641 870 1685 magnum,
900 1624 1093 1687 vimque
1120 1625 1277 1670 adfore
1303 1624 1447 1670 verbo

115 1690 393 1748 crediderat,
421 1693 646 1754 caeloque
675 1691 888 1737 animum
914 1692 1106 1737 fortasse
1133 1692 1329 1748 ferebat,

113 1757 435 1821 canitiemque
462 1758 548 1804 sibi
576 1773 622 1805 et
650 1759 813 1819 longos
839 1758 1114 1821 promiserat
1141 1775 1286 1804 annos
1310 1779 1392 1814 3-—

113 1824 376 1888 Tarquitus
403 1826 639 1872 exsultans
667 1840 832 1872 contra
860 1825 1151 1886 fulgentibus
1178 1825 1332 1882 armis,
1493 1851 1554 1880 550

111 1891 349 1939 silvicolae
375 1893 540 1939 Fauno
565 1893 759 1955 Dryope
787 1910 930 1956 quem
957 1893 1185 1955 Nympha
1212 1906 1401 1949 crearat,

111 1958 276 2005 obvius
303 1959 482 2006 ardenti
509 1977 605 2007 sese
632 1959 824 2007 obtulit.
897 1960 979 2006 ille
1005 1960 1199 2007 redueta

112 2025 308 2072 loricam
334 2027 572 2089 clipeique
600 2027 767 2088 ingens
793 2044 911 2073 onus
937 2027 1122 2089 inpedit
1146 2029 1276 2072 hasta
1300 2046 1315 2080 3

112 2104 217 2139 tum
242 2106 384 2155 caput
408 2094 583 2140 orantis
609 2093 901 2156 nequiquam
927 2107 972 2140 et
998 2094 1147 2140 multa
1171 2092 1377 2155 parantis

113 2159 269 2206 dicere
294 2159 514 2207 deturbat
539 2174 699 2216 terrae,
731 2174 1050 2223 truncumque
1078 2174 1320 2222 tepentem

112 2226 391 2288 provolvens
418 2244 557 2290 super
581 2228 694 2274 haec
724 2227 923 2274 inimico
948 2241 1141 2290 pectore
1169 2228 1290 2274 fatur
1315 2246 1324 2274 ε

79 2297 92 2316 ‘
113 2293 216 2340 istic
244 2311 393 2351 nunc,
419 2295 690 2350 metuende,
720 2294 820 2341 iace
845 2295 854 2341 Ι
930 2312 1027 2340 non
1056 2309 1099 2341 te
1126 2295 1305 2357 optima
1329 2308 1478 2342 mater

113 2361 286 2408 condet
311 2361 459 2418 humi,
485 2362 695 2424 patriove
723 2362 935 2408 onerabit
962 2362 1175 2408 membra
1200 2363 1452 2425 sepulchro
1476 2381 1485 2409 :

112 2427 299 2474 alitibus
324 2428 541 2491 linquere
567 2428 691 2485 feris,
720 2442 799 2475 aut
824 2429 1009 2490 gurgite
1034 2445 1240 2476 mersum

113 2493 241 2539 unda
265 2495 396 2552 feret,
423 2496 671 2559 piscesque
698 2496 868 2558 inpasti
896 2497 1092 2543 vulnera
1117 2495 1359 2543 lambent.'
1489 2509 1552 2550 560

113 2559 325 2621 protinus
350 2563 590 2609 Antaeum
617 2577 662 2610 et
688 2564 884 2618 Lucam,
913 2563 1064 2626 prima
1089 2564 1274 2624 agmina
1301 2562 1477 2618 Turni,

114 2627 421 2688 persequitur,
434 2629 699 2692 fortemque
716 2630 1240 2693 Numam‚fulvumque
1261 2630 1550 2684 Camertem,

114 2693 417 2752 magnanimo
442 2695 681 2742 Volcente
709 2711 874 2753 satum,
903 2697 1156 2743 ditissimus
1183 2697 1277 2756 agri

545 2783 564 2822 5
573 2772 617 2822 58
649 2771 781 2810 humo.
840 2773 1044 2822 patrioque.
