<?xml version="1.0" encoding="UTF-8"?>
<!DOCTYPE html PUBLIC "-//W3C//DTD XHTML 1.0 Transitional//EN"
    "http://www.w3.org/TR/xhtml1/DTD/xhtml1-transitional.dtd">
<html xmlns="http://www.w3.org/1999/xhtml" xml:lang="en" lang="en">
 <head>
  <title>
</title>
<meta http-equiv="Content-Type" content="text/html;charset=utf-8" />
  <meta name='ocr-system' content='tesseract 3.04.00' />
  <meta name='ocr-capabilities' content='ocr_page ocr_carea ocr_par ocr_line ocrx_word'/>
</head>
<body>
  <div class='ocr_page' id='page_1' title='image "./operabucolicageo00virguoft_0305.png"; bbox 0 0 1866 3208; ppageno 0'>
   <div class='ocr_carea' id='block_1_1' title="bbox 528 241 1545 291">
    <p class='ocr_par' dir='ltr' id='par_1_1' title="bbox 528 241 1545 291">
     <span class='ocr_line' id='line_1_1' title="bbox 528 241 1545 291; baseline -0.002 -11"><span class='ocrx_word' id='word_1_1' title='bbox 528 243 804 281; x_wconf 77' lang='lat' dir='ltr'>AENEIDos</span> <span class='ocrx_word' id='word_1_2' title='bbox 834 242 938 281; x_wconf 70' lang='grc' dir='ltr'>ΜΒ.</span> <span class='ocrx_word' id='word_1_3' title='bbox 968 241 1075 279; x_wconf 89' lang='lat' dir='ltr'>v111</span> <span class='ocrx_word' id='word_1_4' title='bbox 1471 252 1545 291; x_wconf 86' lang='lat'>273</span> 
     </span>
    </p>
   </div>
   <div class='ocr_carea' id='block_1_2' title="bbox 112 348 1553 1955">
    <p class='ocr_par' dir='ltr' id='par_1_2' title="bbox 114 348 1367 413">
     <span class='ocr_line' id='line_1_2' title="bbox 114 348 1367 413; baseline -0.006 -12"><span class='ocrx_word' id='word_1_5' title='bbox 114 354 218 401; x_wconf 90' lang='lat' dir='ltr'>vela</span> <span class='ocrx_word' id='word_1_6' title='bbox 244 353 356 400; x_wconf 87' lang='lat' dir='ltr'>dare</span> <span class='ocrx_word' id='word_1_7' title='bbox 382 365 429 399; x_wconf 91' lang='lat' dir='ltr'>et</span> <span class='ocrx_word' id='word_1_8' title='bbox 453 351 582 397; x_wconf 84' lang='lat' dir='ltr'>laxos</span> <span class='ocrx_word' id='word_1_9' title='bbox 608 349 703 396; x_wconf 90' lang='lat' dir='ltr'>iam</span> <span class='ocrx_word' id='word_1_10' title='bbox 728 349 916 413; x_wconf 89' lang='lat' dir='ltr'>iamque</span> <span class='ocrx_word' id='word_1_11' title='bbox 942 349 1186 396; x_wconf 82' lang='lat' dir='ltr'><strong>inmittere</strong></span> <span class='ocrx_word' id='word_1_12' title='bbox 1212 348 1367 395; x_wconf 81' lang='lat' dir='ltr'>funes,</span> 
     </span>
    </p>

    <p class='ocr_par' dir='ltr' id='par_1_3' title="bbox 114 416 1245 479">
     <span class='ocr_line' id='line_1_3' title="bbox 114 416 1245 479; baseline -0.005 -12"><span class='ocrx_word' id='word_1_13' title='bbox 114 421 249 468; x_wconf 88' lang='lat' dir='ltr'>illam</span> <span class='ocrx_word' id='word_1_14' title='bbox 275 419 401 466; x_wconf 88' lang='lat' dir='ltr'>inter</span> <span class='ocrx_word' id='word_1_15' title='bbox 425 417 590 464; x_wconf 88' lang='lat' dir='ltr'>caedes</span> <span class='ocrx_word' id='word_1_16' title='bbox 614 416 882 479; x_wconf 88' lang='lat' dir='ltr'>pallentem</span> <span class='ocrx_word' id='word_1_17' title='bbox 908 430 1061 463; x_wconf 92' lang='lat' dir='ltr'>morte</span> <span class='ocrx_word' id='word_1_18' title='bbox 1088 417 1245 462; x_wconf 90' lang='lat' dir='ltr'>futura</span> 
     </span>
    </p>

    <p class='ocr_par' dir='ltr' id='par_1_4' title="bbox 112 483 1552 878">
     <span class='ocr_line' id='line_1_4' title="bbox 115 483 1552 546; baseline -0.006 -11"><span class='ocrx_word' id='word_1_19' title='bbox 115 488 292 535; x_wconf 84' lang='lat' dir='ltr'>fecerat</span> <span class='ocrx_word' id='word_1_20' title='bbox 317 484 596 546; x_wconf 82' lang='lat' dir='ltr'>Ignipotens</span> <span class='ocrx_word' id='word_1_21' title='bbox 622 483 761 529; x_wconf 90' lang='lat' dir='ltr'>undis</span> <span class='ocrx_word' id='word_1_22' title='bbox 789 496 835 529; x_wconf 90' lang='lat' dir='ltr'>et</span> <span class='ocrx_word' id='word_1_23' title='bbox 862 485 1035 546; x_wconf 87' lang='lat' dir='ltr'>Iapyge</span> <span class='ocrx_word' id='word_1_24' title='bbox 1061 483 1171 529; x_wconf 90' lang='lat' dir='ltr'>ferri</span> <span class='ocrx_word' id='word_1_25' title='bbox 1194 503 1208 540; x_wconf 93' lang='lat'>;</span> <span class='ocrx_word' id='word_1_26' title='bbox 1491 507 1552 536; x_wconf 89' lang='lat'>710</span> 
     </span>
     <span class='ocr_line' id='line_1_5' title="bbox 114 549 1419 613; baseline -0.005 -12"><span class='ocrx_word' id='word_1_27' title='bbox 114 566 278 601; x_wconf 91' lang='lat' dir='ltr'>contra</span> <span class='ocrx_word' id='word_1_28' title='bbox 304 564 464 598; x_wconf 89' lang='lat' dir='ltr'>autem</span> <span class='ocrx_word' id='word_1_29' title='bbox 490 567 662 611; x_wconf 87' lang='lat' dir='ltr'>magno</span> <span class='ocrx_word' id='word_1_30' title='bbox 687 563 982 597; x_wconf 86' lang='lat' dir='ltr'>maerentem</span> <span class='ocrx_word' id='word_1_31' title='bbox 1007 567 1202 613; x_wconf 89' lang='lat' dir='ltr'>corpore</span> <span class='ocrx_word' id='word_1_32' title='bbox 1228 549 1419 607; x_wconf 89' lang='lat' dir='ltr'>Nilum,</span> 
     </span>
     <span class='ocr_line' id='line_1_6' title="bbox 112 617 1293 693; baseline -0.003 -27"><span class='ocrx_word' id='word_1_33' title='bbox 112 620 503 693; x_wconf 85' lang='lat' dir='ltr'>pandentemque</span> <span class='ocrx_word' id='word_1_34' title='bbox 529 617 656 664; x_wconf 90' lang='lat' dir='ltr'>sinus</span> <span class='ocrx_word' id='word_1_35' title='bbox 684 630 731 664; x_wconf 92' lang='lat' dir='ltr'>et</span> <span class='ocrx_word' id='word_1_36' title='bbox 756 630 856 663; x_wconf 91' lang='lat' dir='ltr'>tota</span> <span class='ocrx_word' id='word_1_37' title='bbox 881 630 1012 664; x_wconf 86' lang='lat' dir='ltr'>veste</span> <span class='ocrx_word' id='word_1_38' title='bbox 1037 630 1293 663; x_wconf 87' lang='lat' dir='ltr'>vocantem</span> 
     </span>
     <span class='ocr_line' id='line_1_7' title="bbox 114 683 1501 759; baseline -0.004 -25"><span class='ocrx_word' id='word_1_39' title='bbox 114 686 388 734; x_wconf 89' lang='lat' dir='ltr'>caeruleum</span> <span class='ocrx_word' id='word_1_40' title='bbox 414 702 464 730; x_wconf 88' lang='lat' dir='ltr'>m</span> <span class='ocrx_word' id='word_1_41' title='bbox 490 684 724 759; x_wconf 81' lang='lat' dir='ltr'>gremium</span> <span class='ocrx_word' id='word_1_42' title='bbox 751 683 1082 746; x_wconf 85' lang='lat' dir='ltr'>latebrosaque</span> <span class='ocrx_word' id='word_1_43' title='bbox 1108 683 1308 729; x_wconf 86' lang='lat' dir='ltr'>flumina</span> <span class='ocrx_word' id='word_1_44' title='bbox 1333 683 1501 729; x_wconf 82' lang='lat' dir='ltr'>victos,</span> 
     </span>
     <span class='ocr_line' id='line_1_8' title="bbox 114 750 1343 814; baseline -0.003 -14"><span class='ocrx_word' id='word_1_45' title='bbox 114 767 159 800; x_wconf 92' lang='lat' dir='ltr'>at</span> <span class='ocrx_word' id='word_1_46' title='bbox 186 753 375 809; x_wconf 88' lang='lat' dir='ltr'>Caesar,</span> <span class='ocrx_word' id='word_1_47' title='bbox 402 751 580 814; x_wconf 89' lang='lat' dir='ltr'>triplici</span> <span class='ocrx_word' id='word_1_48' title='bbox 607 751 826 797; x_wconf 89' lang='lat' dir='ltr'>invectus</span> <span class='ocrx_word' id='word_1_49' title='bbox 856 751 1072 797; x_wconf 91' lang='lat' dir='ltr'>Romana</span> <span class='ocrx_word' id='word_1_50' title='bbox 1099 750 1343 812; x_wconf 89' lang='lat' dir='ltr'>triumpho</span> 
     </span>
     <span class='ocr_line' id='line_1_9' title="bbox 112 817 1296 878; baseline -0.004 -10"><span class='ocrx_word' id='word_1_51' title='bbox 112 820 319 878; x_wconf 85' lang='lat' dir='ltr'>moenia,</span> <span class='ocrx_word' id='word_1_52' title='bbox 345 819 415 865; x_wconf 89' lang='lat' dir='ltr'>dis</span> <span class='ocrx_word' id='word_1_53' title='bbox 442 818 575 865; x_wconf 88' lang='lat' dir='ltr'>Italis</span> <span class='ocrx_word' id='word_1_54' title='bbox 601 831 766 864; x_wconf 83' lang='lat' dir='ltr'>votum</span> <span class='ocrx_word' id='word_1_55' title='bbox 794 818 1049 864; x_wconf 87' lang='lat' dir='ltr'>inmortale</span> <span class='ocrx_word' id='word_1_56' title='bbox 1071 817 1296 875; x_wconf 88' lang='lat' dir='ltr'>sacrabat,</span> 
     </span>
    </p>

    <p class='ocr_par' dir='ltr' id='par_1_5' title="bbox 113 884 1378 1016">
     <span class='ocr_line' id='line_1_10' title="bbox 113 884 1378 947; baseline -0.004 -13"><span class='ocrx_word' id='word_1_57' title='bbox 113 887 320 934; x_wconf 78' lang='lat' dir='ltr'>maxima</span> <span class='ocrx_word' id='word_1_58' title='bbox 347 900 417 933; x_wconf 88' lang='lat' dir='ltr'>ter</span> <span class='ocrx_word' id='word_1_59' title='bbox 442 898 639 933; x_wconf 90' lang='lat' dir='ltr'>centum</span> <span class='ocrx_word' id='word_1_60' title='bbox 666 898 816 932; x_wconf 89' lang='lat' dir='ltr'>totam</span> <span class='ocrx_word' id='word_1_61' title='bbox 844 884 1042 931; x_wconf 90' lang='lat' dir='ltr'>delubra</span> <span class='ocrx_word' id='word_1_62' title='bbox 1063 901 1150 947; x_wconf 92' lang='lat' dir='ltr'>per</span> <span class='ocrx_word' id='word_1_63' title='bbox 1176 884 1378 930; x_wconf 86' lang='lat' dir='ltr'>Urbem.</span> 
     </span>
     <span class='ocr_line' id='line_1_11' title="bbox 113 951 1296 1016; baseline -0.003 -15"><span class='ocrx_word' id='word_1_64' title='bbox 113 954 294 1001; x_wconf 88' lang='lat' dir='ltr'>laetitia</span> <span class='ocrx_word' id='word_1_65' title='bbox 320 953 541 1016; x_wconf 82' lang='lat' dir='ltr'>ludisque</span> <span class='ocrx_word' id='word_1_66' title='bbox 566 952 671 999; x_wconf 85' lang='lat' dir='ltr'>viae</span> <span class='ocrx_word' id='word_1_67' title='bbox 696 952 965 1015; x_wconf 90' lang='lat' dir='ltr'>plausuque</span> <span class='ocrx_word' id='word_1_68' title='bbox 992 951 1260 998; x_wconf 89' lang='lat' dir='ltr'>fremebant</span> <span class='ocrx_word' id='word_1_69' title='bbox 1282 971 1296 1008; x_wconf 83' lang='lat'>3</span> 
     </span>
    </p>

    <p class='ocr_par' dir='ltr' id='par_1_6' title="bbox 114 1018 1495 1135">
     <span class='ocr_line' id='line_1_12' title="bbox 114 1018 1495 1082; baseline -0.003 -15"><span class='ocrx_word' id='word_1_70' title='bbox 114 1021 336 1068; x_wconf 89' lang='lat' dir='ltr'>omnibus</span> <span class='ocrx_word' id='word_1_71' title='bbox 361 1020 412 1067; x_wconf 91' lang='lat' dir='ltr'>in</span> <span class='ocrx_word' id='word_1_72' title='bbox 438 1019 628 1082; x_wconf 90' lang='lat' dir='ltr'>templis</span> <span class='ocrx_word' id='word_1_73' title='bbox 655 1032 863 1066; x_wconf 89' lang='lat' dir='ltr'>matrum</span> <span class='ocrx_word' id='word_1_74' title='bbox 892 1020 1079 1077; x_wconf 87' lang='lat' dir='ltr'>chorus,</span> <span class='ocrx_word' id='word_1_75' title='bbox 1106 1018 1326 1065; x_wconf 88' lang='lat' dir='ltr'>omnibus</span> <span class='ocrx_word' id='word_1_76' title='bbox 1353 1034 1457 1064; x_wconf 86' lang='lat' dir='ltr'>arae</span> <span class='ocrx_word' id='word_1_77' title='bbox 1481 1038 1495 1074; x_wconf 82' lang='lat'>3</span> 
     </span>
     <span class='ocr_line' id='line_1_13' title="bbox 114 1085 1161 1135; baseline -0.002 0"><span class='ocrx_word' id='word_1_78' title='bbox 114 1101 225 1135; x_wconf 89' lang='lat' dir='ltr'>ante</span> <span class='ocrx_word' id='word_1_79' title='bbox 251 1105 348 1134; x_wconf 88' lang='lat' dir='ltr'>aras</span> <span class='ocrx_word' id='word_1_80' title='bbox 374 1100 545 1134; x_wconf 89' lang='lat' dir='ltr'>terram</span> <span class='ocrx_word' id='word_1_81' title='bbox 571 1086 692 1134; x_wconf 90' lang='lat' dir='ltr'>caesi</span> <span class='ocrx_word' id='word_1_82' title='bbox 720 1099 924 1133; x_wconf 88' lang='lat' dir='ltr'>stravere</span> <span class='ocrx_word' id='word_1_83' title='bbox 950 1085 1161 1133; x_wconf 90' lang='lat' dir='ltr'>iuvenci.</span> 
     </span>
    </p>

    <p class='ocr_par' dir='ltr' id='par_1_7' title="bbox 112 1150 1553 1353">
     <span class='ocr_line' id='line_1_14' title="bbox 113 1150 1553 1218; baseline -0.003 -16"><span class='ocrx_word' id='word_1_84' title='bbox 113 1155 227 1218; x_wconf 90' lang='lat' dir='ltr'>ipse,</span> <span class='ocrx_word' id='word_1_85' title='bbox 255 1155 423 1202; x_wconf 89' lang='lat' dir='ltr'>sedens</span> <span class='ocrx_word' id='word_1_86' title='bbox 450 1154 592 1201; x_wconf 88' lang='lat' dir='ltr'>niveo</span> <span class='ocrx_word' id='word_1_87' title='bbox 618 1153 868 1201; x_wconf 90' lang='lat' dir='ltr'>candentis</span> <span class='ocrx_word' id='word_1_88' title='bbox 897 1153 1066 1200; x_wconf 89' lang='lat' dir='ltr'>limine</span> <span class='ocrx_word' id='word_1_89' title='bbox 1093 1150 1292 1209; x_wconf 88' lang='lat' dir='ltr'>Phoebi,</span> <span class='ocrx_word' id='word_1_90' title='bbox 1490 1175 1553 1207; x_wconf 86' lang='lat'>720</span> 
     </span>
     <span class='ocr_line' id='line_1_15' title="bbox 114 1218 1360 1284; baseline -0.003 -16"><span class='ocrx_word' id='word_1_91' title='bbox 114 1223 238 1268; x_wconf 91' lang='lat' dir='ltr'>dona</span> <span class='ocrx_word' id='word_1_92' title='bbox 260 1221 556 1283; x_wconf 84' lang='lat' dir='ltr'>recognoscit</span> <span class='ocrx_word' id='word_1_93' title='bbox 580 1221 871 1284; x_wconf 88' lang='lat' dir='ltr'>populorum</span> <span class='ocrx_word' id='word_1_94' title='bbox 899 1232 1123 1283; x_wconf 90' lang='lat' dir='ltr'>aptatque</span> <span class='ocrx_word' id='word_1_95' title='bbox 1150 1218 1360 1282; x_wconf 83' lang='lat' dir='ltr'>superbis</span> 
     </span>
     <span class='ocr_line' id='line_1_16' title="bbox 112 1287 1379 1353; baseline -0.003 -18"><span class='ocrx_word' id='word_1_96' title='bbox 112 1289 362 1353; x_wconf 88' lang='lat' dir='ltr'>postibus;</span> <span class='ocrx_word' id='word_1_97' title='bbox 399 1289 633 1336; x_wconf 90' lang='lat' dir='ltr'>incedunt</span> <span class='ocrx_word' id='word_1_98' title='bbox 657 1289 812 1335; x_wconf 86' lang='lat' dir='ltr'>victae</span> <span class='ocrx_word' id='word_1_99' title='bbox 840 1289 983 1348; x_wconf 90' lang='lat' dir='ltr'>longo</span> <span class='ocrx_word' id='word_1_100' title='bbox 1009 1287 1175 1334; x_wconf 87' lang='lat' dir='ltr'>ordine</span> <span class='ocrx_word' id='word_1_101' title='bbox 1201 1299 1379 1347; x_wconf 85' lang='lat' dir='ltr'>gentes,</span> 
     </span>
    </p>

    <p class='ocr_par' dir='ltr' id='par_1_8' title="bbox 114 1353 1393 1420">
     <span class='ocr_line' id='line_1_17' title="bbox 114 1353 1393 1420; baseline -0.004 -17"><span class='ocrx_word' id='word_1_102' title='bbox 114 1374 257 1420; x_wconf 87' lang='lat' dir='ltr'>quam</span> <span class='ocrx_word' id='word_1_103' title='bbox 282 1356 437 1403; x_wconf 87' lang='lat' dir='ltr'>variae</span> <span class='ocrx_word' id='word_1_104' title='bbox 464 1355 652 1417; x_wconf 88' lang='lat' dir='ltr'>linguis,</span> <span class='ocrx_word' id='word_1_105' title='bbox 680 1356 848 1402; x_wconf 90' lang='lat' dir='ltr'>habitu</span> <span class='ocrx_word' id='word_1_106' title='bbox 876 1369 974 1402; x_wconf 90' lang='lat' dir='ltr'>tam</span> <span class='ocrx_word' id='word_1_107' title='bbox 1000 1354 1143 1401; x_wconf 85' lang='lat' dir='ltr'>vestis</span> <span class='ocrx_word' id='word_1_108' title='bbox 1169 1366 1216 1400; x_wconf 91' lang='lat' dir='ltr'>et</span> <span class='ocrx_word' id='word_1_109' title='bbox 1242 1353 1393 1400; x_wconf 88' lang='lat' dir='ltr'>armis.</span> 
     </span>
    </p>

    <p class='ocr_par' dir='ltr' id='par_1_9' title="bbox 113 1410 1518 1821">
     <span class='ocr_line' id='line_1_18' title="bbox 113 1410 1483 1484; baseline -0.004 -14"><span class='ocrx_word' id='word_1_110' title='bbox 113 1423 191 1470; x_wconf 91' lang='lat' dir='ltr'>hic</span> <span class='ocrx_word' id='word_1_111' title='bbox 218 1424 498 1470; x_wconf 85' lang='lat' dir='ltr'>Nomadum</span> <span class='ocrx_word' id='word_1_112' title='bbox 524 1440 670 1484; x_wconf 90' lang='lat' dir='ltr'>genus</span> <span class='ocrx_word' id='word_1_113' title='bbox 697 1437 744 1470; x_wconf 89' lang='lat' dir='ltr'>et</span> <span class='ocrx_word' id='word_1_114' title='bbox 770 1422 1027 1469; x_wconf 81' lang='lat' dir='ltr'>discinctos</span> <span class='ocrx_word' id='word_1_115' title='bbox 1055 1410 1304 1467; x_wconf 83' lang='lat' dir='ltr'>Mulciber</span> <span class='ocrx_word' id='word_1_116' title='bbox 1327 1420 1483 1477; x_wconf 87' lang='lat' dir='ltr'>Afros,</span> 
     </span>
     <span class='ocr_line' id='line_1_19' title="bbox 113 1488 1335 1553; baseline -0.003 -17"><span class='ocrx_word' id='word_1_117' title='bbox 113 1490 193 1537; x_wconf 91' lang='lat' dir='ltr'>hic</span> <span class='ocrx_word' id='word_1_118' title='bbox 220 1490 416 1551; x_wconf 88' lang='lat' dir='ltr'>Lelegas</span> <span class='ocrx_word' id='word_1_119' title='bbox 445 1490 686 1553; x_wconf 87' lang='lat' dir='ltr'>Carasque</span> <span class='ocrx_word' id='word_1_120' title='bbox 714 1489 1092 1552; x_wconf 82' lang='lat' dir='ltr'>sagittiferosque</span> <span class='ocrx_word' id='word_1_121' title='bbox 1120 1488 1335 1534; x_wconf 89' lang='lat' dir='ltr'>Gelonos</span> 
     </span>
     <span class='ocr_line' id='line_1_20' title="bbox 114 1554 1316 1620; baseline -0.003 -16"><span class='ocrx_word' id='word_1_122' title='bbox 114 1557 354 1614; x_wconf 84' lang='lat' dir='ltr'>finxerat3</span> <span class='ocrx_word' id='word_1_123' title='bbox 393 1558 657 1620; x_wconf 89' lang='lat' dir='ltr'>Euphrates</span> <span class='ocrx_word' id='word_1_124' title='bbox 683 1556 817 1603; x_wconf 84' lang='lat' dir='ltr'>ibat&#39;</span> <span class='ocrx_word' id='word_1_125' title='bbox 806 1573 901 1603; x_wconf 79' lang='lat' dir='ltr'>iam</span> <span class='ocrx_word' id='word_1_126' title='bbox 927 1555 1117 1602; x_wconf 91' lang='lat' dir='ltr'>mollior</span> <span class='ocrx_word' id='word_1_127' title='bbox 1143 1554 1314 1601; x_wconf 91' lang='lat' dir='ltr'>undis·</span> <span class='ocrx_word' id='word_1_128' title='bbox 1302 1575 1316 1611; x_wconf 86' lang='lat'>3</span> 
     </span>
     <span class='ocr_line' id='line_1_21' title="bbox 116 1619 1518 1688; baseline -0.004 -17"><span class='ocrx_word' id='word_1_129' title='bbox 116 1624 414 1688; x_wconf 83' lang='lat' dir='ltr'>extremique</span> <span class='ocrx_word' id='word_1_130' title='bbox 439 1624 694 1671; x_wconf 84' lang='lat' dir='ltr'>hominum</span> <span class='ocrx_word' id='word_1_131' title='bbox 722 1623 923 1679; x_wconf 90' lang='lat' dir='ltr'>Morini,</span> <span class='ocrx_word' id='word_1_132' title='bbox 952 1623 1246 1684; x_wconf 91' lang='lat' dir='ltr'>Rhenusque</span> <span class='ocrx_word' id='word_1_133' title='bbox 1274 1619 1515 1667; x_wconf 83' lang='lat' dir='ltr'>bicornis·</span> <span class='ocrx_word' id='word_1_134' title='bbox 1504 1640 1518 1677; x_wconf 89' lang='lat'>;</span> 
     </span>
     <span class='ocr_line' id='line_1_22' title="bbox 114 1688 1445 1755; baseline -0.003 -17"><span class='ocrx_word' id='word_1_135' title='bbox 114 1691 435 1755; x_wconf 89' lang='lat' dir='ltr'>indomitique</span> <span class='ocrx_word' id='word_1_136' title='bbox 462 1691 629 1738; x_wconf 89' lang='lat' dir='ltr'>Dahae</span> <span class='ocrx_word' id='word_1_137' title='bbox 657 1704 702 1737; x_wconf 91' lang='lat' dir='ltr'>et</span> <span class='ocrx_word' id='word_1_138' title='bbox 726 1703 925 1753; x_wconf 87' lang='lat' dir='ltr'>pontem</span> <span class='ocrx_word' id='word_1_139' title='bbox 951 1689 1224 1749; x_wconf 88' lang='lat' dir='ltr'>indignatus</span> <span class='ocrx_word' id='word_1_140' title='bbox 1250 1688 1445 1735; x_wconf 86' lang='lat' dir='ltr'>Araxes.</span> 
     </span>
     <span class='ocr_line' id='line_1_23' title="bbox 116 1754 1223 1821; baseline -0.004 -16"><span class='ocrx_word' id='word_1_141' title='bbox 116 1759 226 1806; x_wconf 88' lang='lat' dir='ltr'>talia</span> <span class='ocrx_word' id='word_1_142' title='bbox 250 1775 335 1821; x_wconf 90' lang='lat' dir='ltr'>per</span> <span class='ocrx_word' id='word_1_143' title='bbox 360 1758 569 1820; x_wconf 87' lang='lat' dir='ltr'>clipeum</span> <span class='ocrx_word' id='word_1_144' title='bbox 595 1756 821 1813; x_wconf 87' lang='lat' dir='ltr'>Vulcani,</span> <span class='ocrx_word' id='word_1_145' title='bbox 849 1757 974 1803; x_wconf 90' lang='lat' dir='ltr'>dona</span> <span class='ocrx_word' id='word_1_146' title='bbox 998 1754 1223 1819; x_wconf 87' lang='lat' dir='ltr'>parentis,</span> 
     </span>
    </p>

    <p class='ocr_par' dir='ltr' id='par_1_10' title="bbox 114 1822 1553 1955">
     <span class='ocr_line' id='line_1_24' title="bbox 114 1822 1553 1888; baseline -0.003 -16"><span class='ocrx_word' id='word_1_147' title='bbox 114 1825 324 1884; x_wconf 86' lang='lat' dir='ltr'>miratur,</span> <span class='ocrx_word' id='word_1_148' title='bbox 351 1841 606 1888; x_wconf 87' lang='lat' dir='ltr'>rerumque</span> <span class='ocrx_word' id='word_1_149' title='bbox 632 1824 819 1885; x_wconf 89' lang='lat' dir='ltr'>ignarus</span> <span class='ocrx_word' id='word_1_150' title='bbox 845 1823 1052 1884; x_wconf 87' lang='lat' dir='ltr'>imagine</span> <span class='ocrx_word' id='word_1_151' title='bbox 1078 1822 1267 1884; x_wconf 84' lang='lat' dir='ltr'>gaudet,</span> <span class='ocrx_word' id='word_1_152' title='bbox 1492 1845 1553 1877; x_wconf 80' lang='lat'>730</span> 
     </span>
     <span class='ocr_line' id='line_1_25' title="bbox 116 1891 1299 1955; baseline -0.003 -15"><span class='ocrx_word' id='word_1_153' title='bbox 116 1892 342 1940; x_wconf 89' lang='lat' dir='ltr'>attollens</span> <span class='ocrx_word' id='word_1_154' title='bbox 369 1908 535 1940; x_wconf 88' lang='lat' dir='ltr'>umero</span> <span class='ocrx_word' id='word_1_155' title='bbox 561 1891 833 1955; x_wconf 89' lang='lat' dir='ltr'>famamque</span> <span class='ocrx_word' id='word_1_156' title='bbox 859 1903 908 1938; x_wconf 91' lang='lat' dir='ltr'>et</span> <span class='ocrx_word' id='word_1_157' title='bbox 933 1891 1026 1938; x_wconf 88' lang='lat' dir='ltr'>fata</span> <span class='ocrx_word' id='word_1_158' title='bbox 1051 1902 1299 1953; x_wconf 89' lang='lat' dir='ltr'>nepotum.</span> 
     </span>
    </p>
   </div>
  </div>
 </body>
</html>
