1861 3256
178 263 251 299 140
626 254 670 293 P.
699 253 933 291 VERGILI
963 254 1220 293 MARONIS

244 359 475 421 aggeritur
500 358 685 406 tumulo
712 359 850 404 tellus
872 379 886 416 3
922 372 1047 406 stant
1073 360 1298 407 Manibus
1325 375 1427 406 arae

244 426 470 472 caeruleis
497 438 696 471 maestae
720 424 848 470 vittis
875 438 1065 489 atraque
1092 444 1323 489 cupresso,

243 505 290 538 et
316 492 496 539 circum
523 490 696 536 Iliades
723 490 904 537 crinem
930 492 988 538 de
1014 509 1142 539 more
1169 493 1384 538 solutae
1371 512 1386 548 ;

242 557 490 604 inferimus
518 556 680 618 tepido
706 557 973 618 spumantia
999 558 1184 620 cymbia
1210 559 1348 615 lacte,

242 622 480 684 sanguinis
508 635 555 668 et
581 622 697 668 sacri
722 636 919 684 pateras,
947 624 1248 687 animamque
1274 624 1526 686 sepulchro

242 689 491 736 condimus
519 700 565 733 et
591 705 760 748 magna
785 707 1057 752 supremum
1081 708 1197 737 voce
1224 690 1416 736 ciemus.

240 756 353 801 inde
380 754 458 801 ubi
485 753 637 816 prima
663 754 775 801 fides
801 756 982 818 pelago,
1008 757 1287 819 placataque
1314 755 1445 802 venti

240 822 356 867 dant
415 820 561 867 maria
621 833 668 867 et
723 821 843 868 lenis
903 823 1138 886 crepitans
1185 835 1323 869 vocat
1384 824 1560 869 Auster
1617 822 1668 868 in

374 887 539 944 altum,
1630 913 1671 943 70

240 954 488 1000 deducunt
514 953 627 1000 socii
654 971 795 1000 naves
823 968 869 1001 et
895 918 1034 1001 litora
1060 951 1320 1018 compl.ent

238 1020 547 1083 provehimur
576 1033 733 1082 portu,
760 1033 1004 1084 terraeque
1030 1022 1261 1084 urbesque
1287 1021 1531 1068 recedunt.

301 1103 430 1133 sacra
456 1086 569 1132 mari
597 1086 770 1132 colitur
795 1087 951 1133 medio
976 1087 1234 1148 gratissima
1260 1088 1401 1134 tellus

240 1153 510 1200 Nereidum
536 1152 673 1198 matri
702 1165 748 1198 et
775 1153 1010 1216 Neptuno
1035 1155 1240 1214 Aegaeo,

241 1237 382 1282 quam
407 1219 511 1282 pius
536 1219 822 1265 Arcitenens
848 1236 948 1266 oras
975 1233 1022 1266 et
1047 1220 1184 1266 litora
1210 1220 1390 1267 circum

242 1299 480 1332 errantem
508 1286 723 1346 Mycono
749 1302 773 1331 e
800 1285 924 1332 celsa
951 1286 1207 1349 Gyaroque
1233 1286 1440 1333 revinxit

240 1352 568 1414 inmotamque
595 1352 686 1398 coli
714 1351 846 1398 dedit
872 1365 918 1398 et
944 1366 1254 1399 contemnere
1278 1365 1460 1400 ventos,

240 1420 335 1465 huc
361 1419 500 1476 feror,
526 1419 640 1464 haec
668 1419 808 1464 fessos
836 1431 939 1464 tuto
964 1418 1282 1481 placidissima
1307 1431 1448 1480 portu

242 1485 432 1547 accipit.
505 1484 672 1545 egressi
698 1501 982 1531 veneramur
1006 1485 1248 1547 Apollinis
1274 1485 1456 1531 urbem.

241 1569 323 1598 rex
349 1551 516 1609 Anius,
542 1568 622 1597 rex
648 1551 776 1598 idem
802 1551 1054 1598 hominum
1082 1550 1355 1615 Phoebique
1382 1551 1609 1609 sacerdos,

240 1618 369 1665 vittis
397 1631 444 1664 et
469 1635 595 1665 sacra
621 1617 868 1664 redimitus
896 1631 1108 1680 tempora
1134 1618 1264 1664 lauro
1632 1631 1670 1663 81

241 1684 463 1742 occurrit,
489 1698 699 1731 veterem
723 1684 971 1730 Anchisen
999 1684 1223 1744 adgnovit
1248 1684 1470 1731 amicum.

240 1751 477 1812 iungimus
501 1750 706 1813 hospitio
732 1750 918 1797 dextras
945 1764 991 1797 et
1019 1763 1142 1796 tecta
1166 1750 1389 1797 subimus.

309 1817 488 1880 templa
511 1817 586 1863 dei
613 1834 723 1863 saxo
748 1817 1007 1863 venerabar
1031 1830 1207 1863 structa
1232 1830 1418 1863 vetusto
1443 1835 1453 1863 ε

210 1889 222 1910 ‘
238 1885 297 1931 da
322 1884 574 1947 propriam,
602 1883 924 1945 Thymbraee,
951 1883 1146 1929 domum
1168 1904 1182 1940 3
1240 1883 1298 1929 da
1324 1882 1511 1929 moenia
1535 1881 1663 1928 fessis

242 1964 289 1998 et
315 1968 459 2011 genus
486 1963 533 1996 et
559 1967 828 1996 mansuram
854 1950 1019 1996 urbern
1042 1969 1056 2006 3
1093 1966 1221 1995 serva
1247 1949 1392 1995 altera
1420 1948 1596 1995 Troiae

243 2018 480 2078 Pergama,
507 2016 728 2079 reliquias
754 2016 978 2062 Danaum
1005 2029 1143 2078 atque
1168 2015 1348 2061 inmitis
1374 2015 1572 2062 Achilli.

240 2101 384 2147 quem
411 2083 687 2146 sequimur?
723 2099 876 2145 quove
901 2082 968 2128 ire
994 2082 1160 2128 iubes?
1197 2082 1276 2128 ubi
1301 2098 1480 2144 ponere
1507 2081 1673 2128 sedes?

240 2151 314 2208 da,
340 2163 487 2212 pater,
515 2148 761 2210 augurium
786 2162 926 2211 atque
952 2149 1119 2195 animis
1145 2148 1355 2195 inlabere
1382 2148 1584 2195 nostris.'

240 2217 319 2262 vix
347 2234 399 2262 ea
422 2217 543 2263 fatus
571 2233 732 2263 eram:
771 2228 973 2262 tremere
999 2215 1158 2262 omnia
1181 2215 1278 2262 visa
1304 2227 1517 2278 repente,
1632 2238 1675 2270 90

239 2283 501 2345 liminaque
527 2283 779 2345 laurusque
797 2281 897 2357 ῥεῖ,
926 2294 1144 2345 totusque
1170 2281 1345 2328 moveri

242 2366 377 2396 mons
404 2349 584 2395 circum
610 2362 656 2395 et
681 2348 862 2409 mugire
888 2348 1039 2410 adytis
1067 2348 1249 2395 cortina
1273 2346 1482 2394 reclusis.

242 2415 455 2462 submissi
481 2415 686 2477 petimus
714 2427 900 2472 terram,
928 2427 975 2461 et
998 2431 1090 2460 vox
1117 2415 1267 2461 fertur
1291 2414 1348 2460 ad
1374 2430 1506 2460 aures
1531 2431 1541 2460 :

211 2481 540 2529 ‘Dardanidae
567 2480 686 2538 duri,
715 2497 834 2543 quae
860 2497 940 2526 vos
967 2497 992 2526 a
1015 2480 1159 2542 stirpe
1183 2493 1437 2542 parentum

241 2548 394 2611 prima
421 2547 531 2594 tulit
557 2547 712 2605 tellus,
739 2547 905 2593 eadem
929 2563 1010 2593 vos
1036 2547 1179 2593 ubere
1205 2547 1330 2593 laeto

244 2614 446 2678 accipiet
470 2614 680 2660 reduces,
751 2613 993 2676 antiquam
1020 2613 1251 2676 exquirite
1276 2626 1492 2660 matrem.

243 2681 323 2728 hic
349 2681 516 2728 domus
541 2681 733 2727 Aeneae
760 2679 942 2726 cunctis
969 2679 1293 2726 dominabitur
1317 2679 1423 2737 oris,

554 2767 602 2807 75
634 2757 904 2807 Arquitenens.
1015 2756 1064 2794 82
1095 2756 1301 2805 adgnoscit.
