1861 3256
732 241 776 278 P.
805 239 1038 277 VERGILI
1069 240 1326 279 MARONIS

348 346 547 409 desuper
571 346 875 408 horrentique
900 359 1051 393 atrum
1075 364 1240 394 nemus
1266 347 1469 394 inminet
1495 348 1659 396 umbra
1681 368 1691 396 :

348 413 505 459 fronte
533 412 617 458 sub
642 412 828 458 adversa
853 413 1052 474 scopulis
1078 414 1392 476 pendentibus
1419 426 1605 461 antrum
1628 435 1641 471 3

347 479 474 525 intus
500 495 642 540 aquae
669 478 828 525 dulces
854 478 1052 543 vivoque
1079 480 1238 526 sedilia
1263 497 1388 536 saxo,
1685 520 1687 522 .

347 545 682 605 Nympharum
709 544 888 592 domus,
957 546 1035 592 hic
1063 547 1196 592 fessas
1223 564 1317 592 non
1345 546 1537 593 vincula
1562 564 1700 594 naves

347 612 443 657 ulla
469 623 653 667 tenent,
680 627 804 657 unco
829 629 923 658 non
951 613 1122 673 adligat
1147 630 1315 659 ancora
1341 629 1513 660 morsu.

345 679 437 722 huc
466 690 645 738 septem
670 679 852 725 Aeneas
877 679 1088 726 collectis
1114 680 1306 725 navibus
1331 679 1461 725 omni
1714 705 1773 734 170

346 759 402 788 ex
430 759 628 789 numero
655 744 776 790 subit
799 765 812 801 ;
849 762 899 791 ac
927 762 1095 806 magno
1121 746 1301 792 telluris
1327 762 1481 792 amore

345 809 512 869 egressi
538 823 694 871 optata
719 811 965 873 potiuntur
992 813 1140 858 Troes
1166 814 1338 859 harena

346 890 392 921 et
418 876 510 922 sale
537 876 746 923 tabentes
772 892 892 924 artus
918 879 967 924 in
994 879 1128 925 litore
1153 893 1356 941 ponunt.

346 958 396 988 ac
423 942 631 1004 primum
657 943 775 990 silici
802 945 1054 992 scintillam
1081 946 1273 992 excudit
1297 946 1501 991 Achates

347 1009 650 1072 succepitque
677 1009 834 1070 ignem
859 1011 982 1057 foliis
1008 1026 1145 1076 atque
1172 1013 1294 1058 arida
1320 1012 1501 1058 circum

347 1075 638 1122 nutrimenta
662 1077 789 1122 dedit
814 1078 1058 1141 rapuitque
1085 1079 1133 1124 in
1161 1079 1322 1125 fomite
1349 1078 1601 1124 flammam.

347 1155 449 1189 tum
477 1142 700 1189 Cererem
726 1157 992 1206 corruptam
1019 1145 1154 1191 undis
1181 1145 1485 1208 Cerealiaque
1512 1161 1639 1190 arma

347 1209 607 1270 expediunt
632 1210 735 1256 fessi
762 1227 930 1266 rerum,
959 1211 1205 1274 frugesque
1230 1226 1438 1274 receptas

348 1289 394 1322 et
420 1289 593 1322 torrere
619 1289 782 1338 parant
808 1276 1005 1323 flammis
1033 1292 1078 1324 et
1104 1279 1314 1338 frangere
1341 1295 1463 1324 saxo.

413 1343 597 1388 Aeneas
623 1344 870 1405 scopulum
897 1343 1074 1391 interea
1100 1344 1376 1390 conscendit
1402 1357 1447 1390 et
1472 1359 1664 1389 omnem
1714 1357 1774 1388 180

347 1422 649 1483 prospectum
675 1411 766 1456 late
790 1411 955 1473 pelago
981 1411 1111 1472 petit,
1139 1412 1328 1456 Anthea
1353 1410 1387 1456 si
1414 1427 1554 1472 quern

347 1475 572 1522 iactatum
598 1490 741 1523 vento
766 1477 921 1523 videat
949 1477 1259 1540 Phrygiasque
1287 1476 1498 1531 biremes,

349 1556 427 1588 aut
454 1542 640 1617 Capyn,
666 1557 745 1590 aut
771 1544 939 1590 celsis
928 1561 977 1590 1n
1004 1544 1239 1606 puppibus
1265 1560 1389 1589 arma
1416 1542 1565 1589 Ca‘ici.

347 1626 515 1655 navem
541 1610 589 1655 in
617 1623 874 1672 conspectu
901 1611 1095 1666 nullam,
1124 1624 1212 1656 tres
1239 1610 1372 1656 litore
1399 1626 1558 1656 cervos

346 1676 570 1738 prospicit
595 1691 831 1723 errantes·
818 1712 832 1731 ,
868 1679 950 1723 hos
976 1690 1071 1723 tota
1097 1690 1305 1723 armenta
1330 1689 1588 1738 sequuntur

347 1759 371 1788 a
396 1756 537 1802 tergo,
566 1756 611 1789 et
637 1744 830 1803 longum
856 1760 938 1806 per
963 1744 1104 1789 valles
1130 1743 1333 1806 pascitur
1358 1758 1540 1802 agmen.

347 1809 557 1855 constitit
581 1809 674 1865 hic,
702 1827 954 1872 arcumque
980 1827 1121 1856 manu
1148 1811 1414 1872 celeresque
1440 1808 1622 1870 sagittas

348 1875 587 1938 corripuit,
615 1876 732 1922 fidus
757 1894 873 1939 quae
901 1877 992 1923 tela
1015 1877 1202 1937 gerebat
1227 1877 1447 1931 Achates,

346 1942 655 2006 ductoresque
681 1943 799 2005 ipsos
825 1944 1045 2005 primum,
1073 1943 1224 2006 capita
1249 1944 1340 1989 alta
1365 1943 1567 1988 ferentes

347 2009 568 2055 cornibus
594 2010 806 2064 arboreis,
835 2010 1032 2064 sternit3
1070 2024 1171 2057 tum
1196 2011 1361 2071 vulgus
1387 2022 1432 2055 et
1458 2025 1648 2054 omnem
1714 2033 1773 2063 190

347 2075 512 2122 miscet
538 2092 675 2136 agens
701 2076 804 2122 telis
830 2094 1024 2123 nemora
1049 2077 1171 2123 inter
1197 2077 1389 2123 frondea
1415 2076 1598 2122 turbam
1620 2094 1634 2128 ;

349 2159 434 2189 nec
461 2142 586 2204 prius
613 2143 803 2199 absistit,
829 2160 967 2206 quarn
994 2157 1171 2206 septem
1197 2143 1405 2204 ingentia
1430 2143 1579 2188 victor

347 2226 539 2271 corpora
559 2210 725 2256 fundat
746 2210 878 2256 humi
902 2225 946 2257 et
969 2227 1221 2257 numerum
1242 2227 1352 2257 cum
1374 2209 1569 2256 navibus
1589 2221 1771 2271 aequet.

346 2275 456 2321 hinc
485 2290 673 2338 portum
698 2277 829 2339 petit,
860 2291 905 2323 et
932 2278 1078 2324 socios
1104 2277 1298 2341 partitur
1323 2277 1372 2323 in
1399 2293 1575 2322 omnes.

285 2376 289 2383 .
347 2342 453 2388 vina
478 2342 627 2389 bonus
654 2361 770 2406 quae
797 2344 967 2390 deinde
995 2345 1119 2391 cadis
1144 2357 1354 2390 onerarat
1378 2343 1574 2389 Acestes

346 2408 481 2454 litore
509 2409 761 2456 Trinacrio
787 2411 1068 2474 dederatque
1095 2410 1373 2456 abeuntibus
1399 2410 1546 2464 heros,

345 2474 530 2532 dividit,
556 2489 602 2522 et
627 2476 763 2522 dictis
790 2477 1044 2523 maerentia
1067 2490 1257 2539 pectora
1282 2477 1462 2522 mulcet
1486 2495 1495 2522 ε

347 2558 375 2587 0
400 2541 528 2599 socii,
553 2559 705 2605 neque
732 2543 858 2589 enim
886 2543 1031 2604 ignari
1058 2560 1215 2590 sumus
1239 2557 1346 2590 ante
1372 2543 1620 2600 malorum,

346 2625 374 2654 ο
397 2608 513 2671 passi
539 2610 758 2669 graviora,
787 2610 915 2656 dabit
940 2611 1052 2656 deus
1079 2610 1149 2656 his
1174 2627 1359 2674 quoque
1387 2610 1547 2657 finem.

348 2692 424 2721 vos
451 2688 498 2722 et
525 2676 785 2738 Scyllaeam
811 2677 987 2723 rabiem
1013 2677 1293 2740 penitusque
1319 2691 1534 2724 sonantes
1711 2699 1772 2720 200

347 2742 537 2790 accestis
564 2745 793 2807 scopulos,
818 2761 897 2790 vos
922 2758 968 2790 et
995 2743 1237 2806 Cyclopea
1261 2761 1365 2790 saxa
