1861 3256
542 248 876 287 GEORGICON
906 247 1009 285 LIB.
1038 246 1103 284 III
1525 257 1573 295 71

145 377 288 423 quam
315 359 350 405 si
377 357 479 421 quis
504 357 627 403 ferro
651 354 811 418 potuit
836 354 1103 401 rescindere
1131 370 1371 400 summum

147 426 317 473 ulceris
344 443 392 472 os
413 444 428 478 ;
465 423 607 470 alitur
632 422 805 468 vitium
830 421 1044 485 vivitque
1071 421 1294 483 tegendo,

145 494 260 539 dum
286 492 492 539 medicas
518 489 742 536 adhibere
769 506 937 535 manus
963 490 1019 534 ad
1047 490 1244 535 vulnera
1268 501 1427 551 pastor

147 560 345 620 abnegat
371 572 417 605 et
442 557 636 604 meliora
661 557 770 602 deos
799 556 929 602 sedet
955 557 1114 602 omnia
1139 572 1354 618 poscens.

145 627 261 689 quin
290 626 445 681 etiam,
473 625 567 671 ima
594 624 727 670 dolor
753 623 1001 669 balantum
1029 623 1185 685 lapsus
1213 623 1270 668 ad
1295 640 1393 668 ossa

145 710 257 739 cum
283 693 399 739 furit
425 706 567 755 atque
595 704 720 738 artus
746 689 1017 752 depascitur
1043 690 1172 735 arida
1199 689 1360 746 febris,

144 760 326 822 profuit
351 760 568 806 incensos
596 771 747 804 aestus
774 770 984 803 avertere
1012 769 1058 802 et
1084 756 1209 803 inter

144 827 237 873 ima
263 826 401 873 ferire
425 826 560 888 pedis
587 825 836 872 salientem
863 823 1091 884 sanguine
1117 840 1302 881 venam,
1526 837 1589 876 460

145 894 352 940 Bisaltae
379 911 473 956 quo
498 909 628 939 more
656 892 811 938 solent
838 907 1038 953 acerque
1068 891 1286 937 Gelonus
1310 912 1323 947 ;

144 978 253 1008 cum
278 961 402 1021 fugit
428 961 477 1006 in
506 959 780 1021 Rhodopen
807 971 948 1021 atque
974 958 1024 1004 in
1051 958 1234 1005 deserta
1262 959 1496 1005 Getarum

144 1041 191 1074 et
216 1029 288 1074 lac
316 1041 598 1074 concretum
626 1043 738 1073 cum
765 1025 996 1087 sanguine
1023 1038 1156 1087 potat
1182 1025 1375 1088 equino.

143 1112 286 1158 quam
311 1095 477 1158 procul
505 1107 587 1141 aut
613 1093 749 1140 molli
777 1093 1031 1139 succedere
1059 1092 1239 1155 saepius
1267 1092 1464 1138 umbrae

145 1162 328 1220 videri3‚
356 1175 436 1208 aut
461 1178 665 1208 summas
695 1173 974 1223 carpentem
1000 1159 1214 1221 ignavius
1239 1158 1406 1205 herbas

142 1242 500 1292 extremamque
529 1228 661 1292 sequi
690 1242 770 1275 aut
796 1227 955 1274 medio
980 1226 1294 1289 procumbere
1320 1242 1491 1288 campo

141 1310 416 1358 pascentem
443 1310 489 1343 et
515 1313 644 1342 serae
672 1296 822 1341 solam
849 1295 1079 1341 decedere
1105 1293 1239 1340 nocti
1263 1314 1277 1349 ;

141 1364 373 1410 continuo
399 1364 592 1426 culpam
619 1363 744 1409 ferro
772 1378 1037 1425 compesce,
1062 1361 1340 1424 priusquam

142 1430 240 1476 dira
264 1448 349 1493 per
374 1431 628 1477 incautum
657 1443 850 1492 serpant
877 1428 1095 1489 contagia
1117 1429 1303 1488 vulgus.

143 1515 239 1544 non
266 1511 363 1545 tam
389 1498 555 1544 creber
582 1513 722 1557 agens
748 1496 959 1543 hiemem
985 1496 1080 1542 ruit
1106 1512 1307 1558 aequore
1334 1494 1488 1551 turbo,
1529 1519 1592 1548 470

142 1582 284 1628 quam
310 1565 489 1612 multae
514 1564 760 1627 pecudum
786 1577 958 1626 pestes.
1030 1579 1120 1609 nec
1148 1562 1332 1622 singula
1358 1560 1511 1607 morbi

142 1649 336 1695 corpora
363 1631 644 1693 corripiunt,
674 1630 754 1677 sed
782 1644 880 1676 tota
907 1629 1082 1676 aestiva
1107 1641 1320 1691 repente,

142 1716 369 1762 spemque
411 1714 698 1760 gregemque
747 1696 887 1743 simul
941 1709 1264 1759 cunctamque
1309 1696 1365 1741 ab
1408 1695 1589 1756 origine

277 1779 484 1827 gentem.

142 1847 244 1881 tum
271 1833 402 1890 sciat,
430 1832 570 1879 aerias
598 1831 745 1894 Alpes
774 1845 820 1878 et
847 1831 1028 1878 Norica
1054 1830 1089 1876 si
1116 1830 1220 1894 quis

143 1900 333 1948 castella
357 1899 407 1946 in
434 1899 631 1947 tumulis
660 1912 706 1946 et
732 1899 921 1962 Iapydis
948 1916 1056 1945 arva
1083 1897 1277 1944 Timavi

141 1985 271 2015 nunc
299 1984 489 2031 quoque
515 1980 620 2029 post
646 1979 780 2013 tanto
807 1966 965 2012 videat
991 1965 1269 2028 desertaque
1296 1981 1440 2025 regna

140 2048 379 2098 pastorum
406 2048 452 2081 et
477 2035 621 2095 longe
649 2035 791 2081 saltus
820 2033 1008 2096 lateque
1033 2046 1272 2080 vacantes.

208 2102 287 2149 hic
314 2102 556 2166 quondam
583 2101 748 2148 morbo
777 2101 896 2147 caeli
923 2099 1187 2146 miseranda
1214 2112 1373 2146 coorta
1400 2112 1469 2145 est

142 2184 406 2232 tempestaS,
432 2183 630 2232 totoque
657 2167 876 2215 autumni
905 2167 1156 2214 incanduit
1182 2179 1328 2224 aestu,

143 2250 190 2284 et
216 2254 362 2298 genus
381 2253 523 2283 omne
544 2236 651 2283 neci
679 2235 923 2299 pecudum
946 2234 1093 2291 dedit,
1113 2251 1255 2280 omne
1281 2234 1502 2290 ferarum,
1529 2248 1591 2287 480

145 2304 448 2367 corrupitque
473 2304 617 2361 lacus,
646 2303 816 2349 infecit
844 2303 1016 2365 pabula
1042 2302 1167 2349 tabo.

145 2388 233 2418 nec
258 2372 332 2418 via
359 2371 519 2418 mortis
547 2383 645 2418 erat
671 2370 890 2432 simplex,
919 2370 1001 2416 sed
1027 2369 1109 2416 ubi
1134 2368 1274 2430 ignea
1298 2368 1430 2415 venis

146 2438 365 2486 omnibus
390 2452 494 2486 acta
519 2438 618 2485 sitis
644 2437 835 2484 miseros
863 2437 1122 2483 adduxerat
1148 2449 1291 2493 artus,

145 2521 301 2551 rursus
325 2506 594 2553 abundabat
620 2505 793 2551 fluidus
821 2504 978 2567 liquor
1003 2503 1262 2567 omniaque
1287 2502 1338 2549 in
1366 2520 1412 2549 se

147 2589 245 2617 ossa
269 2572 542 2619 minutatim
568 2572 733 2619 morbo
758 2572 963 2633 collapsa
991 2571 1221 2618 trahebat.

149 2654 284 2700 saepe
308 2638 358 2684 in
383 2640 561 2686 honore
587 2640 732 2686 deum
758 2639 915 2685 medio
941 2652 1066 2685 stans
1093 2638 1243 2684 hostia
1267 2637 1325 2682 ad
1351 2652 1490 2691 aram,

149 2705 284 2751 lanea
308 2705 422 2751 dum
448 2705 586 2752 nivea
609 2706 932 2752 circumdatur
958 2705 1111 2751 infula
1135 2704 1267 2758 vitta,

275 2792 351 2831 475
383 2782 544 2831 Iapygis.
655 2782 729 2829 481
763 2781 955 2830 corripuit.
1066 2781 1143 2829 483
1177 2787 1393 2817 attraxerat.
