1866 3208
245 234 248 237 Ι
292 264 363 314 196
747 264 790 301 P.
820 263 1054 301 VERGILI
1083 264 1340 302 MARONIS

354 369 531 416 Albani
557 369 762 416 docuere
789 385 925 426 suos;
961 370 1074 417 hinc
1099 371 1303 417 maxima
1328 387 1467 432 porro
1717 387 1780 418 600

334 436 541 498 xaccepit
567 436 733 492 Roma,
761 448 808 480 et
831 436 1038 497 patrium
1064 437 1264 484 servavit
1290 439 1551 493 honorem3

356 502 599 563 Troiaque
626 517 754 547 nunc
781 501 931 563 pueri,
959 503 1227 550 Troianum
1253 503 1429 550 dicitur
1454 519 1638 563 agmen.
1864 493 1866 547 l

355 570 442 614 hac
469 567 706 613 celebrata
733 580 870 614 tenus
897 583 1059 616 sancto
1086 569 1342 617 certamina
1367 569 1506 631 patri.
1865 574 1866 594 ³

421 633 499 679 hic
525 633 732 695 primum
759 634 949 681 fortuna
974 636 1116 683 fidem
1142 649 1323 682 mutata
1349 635 1555 682 novavit.

359 700 442 746 dm
467 699 605 745 variis
633 701 827 746 tumulo
858 702 1077 749 referunt
1103 701 1354 749 sollemnia
1383 701 1526 758 ludis,

356 766 470 812 Irim
495 766 554 812 de
581 767 714 812 caelo
739 767 868 813 misit
897 768 1116 815 Saturnia
1143 770 1266 815 Iuno

355 832 551 878 Iliacam
579 833 637 878 ad
661 833 871 892 classem,
898 848 1162 898 ventosque
1189 834 1392 896 adspirat
1419 834 1570 892 eunti,

355 899 504 944 multa
531 915 740 957 movens,
768 901 977 948 necdum
1005 902 1256 964 antiquum
1283 913 1485 947 saturata
1511 901 1740 948 dolorem.

354 965 452 1021 illa,
479 965 604 1011 viam
631 966 842 1012 celerans
868 984 952 1029 per
979 968 1112 1014 mille
1139 967 1375 1014 coloribus
1401 984 1579 1025 arcum,

356 1031 478 1077 nulli
502 1031 599 1077 visa
624 1031 720 1078 cito
746 1033 956 1079 decurrit
984 1034 1171 1081 tramite
1196 1034 1356 1094 virgo:
1722 1048 1782 1080 610

355 1097 590 1159 conspicit
615 1097 861 1159 ingentem
888 1116 1190 1158 concursum,
1218 1114 1264 1147 et
1289 1100 1427 1146 litora
1453 1100 1637 1157 lustrat,

354 1164 657 1227 desertosque
683 1164 814 1211 videt
839 1179 1002 1227 portus
1030 1168 1320 1229 classemque
1346 1166 1579 1213 relictam.

354 1243 401 1277 at
426 1232 591 1292 procul
620 1231 670 1277 in
697 1232 792 1277 sola
819 1246 1026 1279 secretae
1053 1233 1268 1279 Troades
1295 1246 1398 1279 acta

355 1297 575 1343 amissum
601 1298 846 1344 Anchisen
874 1297 1069 1357 flebant,
1097 1312 1393 1361 cunctaeque
1420 1299 1715 1361 profundum

353 1376 556 1426 pontum
582 1365 888 1426 aspectabant
915 1365 1113 1412 flentes:
1153 1366 1290 1422 ‘heu,
1318 1378 1387 1410 tot
1413 1365 1530 1411 vada
1556 1365 1703 1422 fessis,

355 1443 402 1476 et
428 1443 615 1476 tantum
641 1447 882 1493 superesse
908 1431 1048 1478 maris
1068 1431 1103 1478 !’
1141 1448 1231 1477 vox
1258 1431 1478 1477 omnibus
1506 1448 1614 1478 una.

355 1496 519 1542 urbem
546 1510 715 1554 orant;
754 1498 912 1544 taedet
937 1498 1091 1560 pelagi
1119 1497 1328 1560 perferre
1353 1497 1578 1544 laborem.

354 1580 462 1623 ergo
488 1563 614 1609 inter
639 1564 816 1610 medias
843 1581 941 1611 sese
967 1565 1095 1611 haud
1121 1564 1280 1625 ignara
1306 1564 1514 1611 nocendi

354 1630 547 1687 conicit,
577 1643 622 1676 et
649 1630 916 1694 faciemque
943 1631 1058 1678 deae
1084 1645 1359 1693 vestemque
1385 1630 1601 1693 reponit:

353 1696 405 1741 fit
432 1697 596 1753 Beroe,
625 1697 811 1742 Tmarii
840 1697 1053 1744 coniunx
1081 1698 1308 1758 longaeva
1333 1696 1548 1759 Dorycli,
1721 1711 1784 1743 620

353 1762 429 1808 cui
457 1779 602 1823 genus
631 1776 677 1809 et
703 1764 946 1825 quondam
975 1780 1151 1810 nomen
1180 1763 1377 1826 natique
1403 1763 1635 1819 fuissent3

353 1845 405 1875 ac
432 1829 495 1875 sic
523 1829 852 1875 Dardanidum
880 1830 1086 1876 mediam
1114 1846 1161 1876 se
1187 1830 1414 1875 matribus
1440 1829 1618 1876 infert:

352 1913 380 1941 o
405 1895 618 1953 miserae,
645 1913 758 1958 quas
787 1913 883 1942 non
911 1897 1112 1953 manus,’
1139 1896 1312 1959 inquit,
1342 1895 1578 1942 ‘Achaica
1604 1896 1731 1942 bello

352 1961 547 2007 traxerit
573 1962 631 2008 ad
657 1963 808 2008 letum
835 1962 1012 2024 patriae
1040 1963 1126 2008 sub
1150 1962 1428 2009 moenibus!
1469 1979 1496 2008 0
1520 1978 1633 2024 gens

351 2027 548 2075 infelix!
590 2027 665 2074 cui
695 2042 740 2075 te
769 2029 914 2074 exitio
941 2029 1130 2075 fortuna
1156 2032 1390 2075 reservat?

351 2094 550 2156 septima
575 2108 681 2157 post
708 2095 885 2141 Troiae
915 2095 1155 2142 excidium
1182 2095 1275 2141 iam
1301 2095 1502 2141 vertitur
1528 2107 1690 2151 aestas,

352 2178 461 2207 cum
487 2161 622 2219 freta,
650 2179 759 2208 cum
787 2175 928 2208 terras
957 2179 1136 2219 omnes,
1165 2175 1235 2208 tot
1261 2161 1500 2224 inhospita
1527 2178 1633 2207 saxa

351 2227 597 2290 sideraque
625 2245 844 2275 emensae
872 2228 1083 2286 ferimur,
1112 2229 1227 2274 dum
1251 2245 1337 2291 per
1360 2244 1486 2274 mare
1511 2243 1736 2288 magnum

351 2294 539 2340 Italiam
566 2295 808 2357 sequimur
834 2295 1113 2356 fugientem,
1142 2308 1188 2341 et
1213 2294 1448 2341 volvimur
1474 2293 1628 2340 undis.

350 2359 428 2406 hic
454 2361 616 2422 Erycis
643 2361 759 2407 fines
786 2361 997 2419 fraterni,
1026 2375 1167 2424 atque
1194 2362 1360 2422 hospes
1385 2361 1609 2406 Acestes:
1718 2375 1780 2415 630

350 2425 453 2488 quis
478 2427 701 2488 prohibet
727 2444 883 2473 muros
910 2427 1078 2484 iacere,
1107 2441 1154 2473 et
1180 2427 1288 2472 dare
1315 2426 1496 2472 civibus
1523 2427 1721 2473 urbem?

350 2509 378 2538 o
403 2493 568 2554 patria,
597 2506 643 2539 et
669 2493 788 2554 rapti
817 2493 1108 2555 nequiquam
1136 2509 1192 2538 ex
1218 2494 1352 2538 hoste
1381 2493 1597 2550 Penates,

350 2559 584 2606 nullane'
574 2576 667 2605 1am
695 2559 871 2606 Troiae
897 2559 1119 2606 dicentur
1144 2558 1365 2605 moenia?
1402 2575 1635 2622 nusquam

352 2626 618 2672 Hectoreos
645 2642 822 2683 amnes,
851 2626 1100 2672 Xanthum
1127 2638 1174 2671 et
1202 2625 1459 2699 Simoenta,
1484 2625 1689 2672 videbo?

349 2692 465 2754 quin
493 2692 616 2753 agite
643 2706 689 2738 et
714 2708 904 2738 mecum
929 2691 1156 2738 infaustas
1185 2690 1368 2737 exurite
1394 2708 1592 2753 puppes.

350 2775 460 2806 nam
485 2758 603 2805 mihi
633 2759 924 2807 Cassandrae
949 2775 1033 2821 per
1058 2774 1276 2806 somnum
1302 2757 1420 2805 vatis
1447 2756 1601 2816 imago
