1866 3208
603 197 878 235 AENEIDOS
909 197 1011 235 LIB.
1042 197 1104 234 VI
1528 209 1602 247 213

172 305 297 367 lapsa
322 305 502 352 cadunt
527 303 654 360 folia,
683 316 763 349 aut
790 303 848 349 ad
874 317 1044 350 terram
1070 304 1255 365 gurgite
1281 304 1337 350 ab
1364 304 1458 350 alto
1546 328 1607 357 310

171 388 314 435 quam
340 372 519 418 multae
543 371 867 431 glomerantur
892 388 1014 427 aves,
1041 371 1122 417 ubi
1147 371 1343 446 frigidus
1370 387 1522 417 annus

172 451 298 485 trans
323 452 525 502 pontum
551 437 684 498 fugat
711 449 758 483 et
784 436 918 484 terris
945 437 1149 484 inmittit
1175 438 1358 500 apricis.

171 506 357 552 stabant
383 518 567 551 orantes
592 503 734 566 primi
762 502 1082 550 transmittere
1110 522 1316 562 cursum,

172 573 528 634 tendebantque
554 588 721 617 manus
745 570 874 634 ripae
903 571 1136 617 ulterioris
1164 589 1349 618 amore·
1337 609 1351 629 ,

171 639 332 686 navita
358 639 438 685 sed
463 638 604 685 tristis
630 655 759 684 nunc
785 639 871 684 hos
899 655 1030 684 nunc
1058 638 1231 700 accipit
1258 639 1380 696 illos,

171 719 240 753 ast
267 706 379 752 alios
406 707 546 768 longe
573 706 812 752 submotos
841 719 970 752 arcet
995 706 1188 752 harena.

170 774 352 819 Aeneas
379 773 572 819 miratus
600 772 730 818 enim
757 785 1012 836 motusque
1041 773 1269 830 tumultu,

141 838 276 896 ‘dic‚'
303 840 383 897 ait,
411 846 423 865 ‘
441 857 468 886 o
494 840 640 901 virg0,
666 839 783 902 quid
809 840 913 886 vult
939 856 1196 886 concursus
1223 840 1279 885 ad
1305 842 1532 885 amnem?

172 907 346 970 quidve
371 920 544 969 petunt
570 905 792 954 animae?
831 907 906 953 vel
935 923 1028 969 quo
1056 905 1331 953 discrimine
1357 907 1476 968 ripas

171 975 257 1020 hae
285 973 527 1036 linquunt,
555 972 663 1019 illae
689 973 829 1020 remis
859 974 975 1020 vada
1002 973 1144 1019 livida
1170 987 1365 1020 verrunt
1385 971 1420 1020 ?'
1554 996 1615 1027 320

171 1041 255 1087 olli
282 1041 345 1087 sic
373 1040 577 1087 breviter
602 1040 696 1087 fata
723 1054 791 1087 est
823 1041 1050 1101 longaeva
1076 1042 1316 1088 sacerdos:

141 1107 378 1154 ‘Anchisa
402 1120 638 1169 generate,
666 1107 810 1154 deum
840 1108 1099 1154 certissima
1123 1110 1292 1170 proles,

172 1174 346 1237 Cocyti
373 1189 534 1236 stagna
559 1175 653 1222 alta
677 1173 806 1222 vides
839 1175 1146 1238 Stygiamque
1172 1175 1413 1238 paludem,

171 1242 218 1288 di
246 1242 378 1289 cuius
405 1242 556 1288 iurare
583 1242 757 1289 timent
785 1255 831 1288 et
860 1242 1024 1288 fallere
1051 1259 1249 1289 numen.

171 1311 286 1355 haec
324 1309 494 1366 omnis,
527 1326 669 1373 quam
708 1309 879 1367 cernis,
918 1309 1054 1373 inops
1092 1309 1436 1372 inhumataque
1477 1308 1615 1354 turba

307 1390 404 1433 est;

170 1443 374 1506 portitor
400 1442 481 1489 ille
509 1442 734 1500 Charon3
770 1442 835 1500 hi,
867 1460 984 1506 quos
1012 1444 1144 1490 vehit
1171 1443 1312 1501 unda,
1340 1442 1530 1504 sepulti.

172 1527 260 1557 nec
287 1510 409 1573 ripas
435 1509 571 1556 datur
595 1510 852 1557 horrendas
884 1523 931 1557 et
956 1528 1094 1557 rauca
1118 1509 1300 1557 fluenta

172 1589 489 1639 transportare
514 1576 662 1640 prius,
690 1594 831 1640 quam
862 1577 1049 1624 sedibus
1077 1595 1175 1624 ossa
1202 1577 1443 1640 quierunt.

172 1657 370 1691 centum
396 1657 554 1690 errant
582 1661 729 1690 annos
760 1644 1062 1707 volitantque
1088 1645 1205 1690 haec
1233 1644 1373 1690 litora
1399 1643 1580 1690 circum
1604 1664 1616 1699 ;

173 1723 276 1758 tum
302 1711 497 1758 demum
525 1710 710 1757 admissi
745 1724 905 1771 stagna
933 1724 1156 1773 exoptata
1182 1709 1425 1758 revisunt?
1557 1735 1619 1766 330

170 1778 386 1826 constitit
410 1777 620 1825 Anchisa
646 1790 768 1824 satus
798 1792 844 1824 et
871 1778 1064 1839 vestigia
1089 1778 1268 1840 pressit,

170 1846 321 1892 multa
345 1858 533 1908 putans,
561 1860 828 1909 sortemque
860 1845 1006 1892 animi
1036 1845 1282 1892 miseratus
1308 1844 1540 1909 iniquam.

171 1913 325 1960 cernit
351 1912 416 1959 ibi
444 1926 643 1959 maestos
671 1927 717 1959 et
746 1912 910 1959 mortis
939 1914 1118 1960 honore
1145 1926 1358 1960 carentes

171 1980 454 2043 Leucaspim
482 1993 528 2027 et
554 1980 730 2042 Lyciae
762 1980 1010 2027 ductorem
1044 1979 1201 2027 classis
1229 1982 1469 2036 Oronten,

172 2065 286 2111 quos
313 2047 452 2094 simul
480 2066 504 2094 a
531 2047 678 2094 Troia
706 2062 901 2094 ventosa
934 2065 1017 2110 per
1045 2065 1248 2111 aequora
1273 2060 1432 2094 vectos

172 2114 328 2161 obruit
352 2116 541 2173 Auster,
570 2132 688 2179 aqua
714 2115 966 2161 involvens
998 2132 1265 2178 navemque
1291 2115 1523 2177 virosque.

239 2198 351 2229 ecce
375 2183 664 2243 gubernator
689 2200 786 2230 sese
816 2183 1066 2230 Palinurus
1094 2184 1273 2244 agebat,

172 2248 253 2312 qui
279 2249 462 2311 Libyco
489 2267 641 2312 nuper
667 2266 822 2307 cursu,
849 2250 964 2296 dum
993 2250 1141 2296 sidera
1166 2262 1332 2307 servat,

174 2316 414 2363 exciderat
439 2317 589 2380 puppi
615 2317 782 2363 mediis
810 2317 982 2364 effusus
1010 2317 1059 2363 in
1088 2317 1242 2364 undis.

173 2383 302 2430 hunc
329 2384 409 2430 ubi
434 2384 514 2430 vix
541 2384 693 2431 multa
717 2398 954 2431 maestum
983 2384 1207 2445 cognovit
1233 2383 1284 2430 in
1314 2384 1497 2440 umbra,
1558 2407 1619 2437 340

175 2449 242 2496 sic
267 2450 393 2512 prior
418 2452 718 2515 adloquitur:
759 2456 771 2477 ‘
788 2452 892 2516 quis
922 2466 983 2510 te,
1015 2452 1253 2510 Palinure,
1281 2451 1479 2497 deorum

177 2516 352 2578 eripuit
377 2518 524 2576 nobis,
551 2519 806 2582 medioque
833 2520 917 2566 sub
945 2536 1149 2582 aequore
1175 2518 1372 2565 mersit?

176 2583 254 2629 die
282 2599 379 2643 age.
449 2601 654 2648 namque
681 2586 814 2644 mihi,
842 2587 987 2634 fallax
1013 2587 1142 2633 haud
1168 2600 1278 2633 ante
1304 2598 1530 2647 repertus,

177 2651 267 2696 hoc
294 2667 390 2696 uno
418 2667 641 2713 responso
668 2653 883 2700 animum
909 2654 1084 2700 delusit
1108 2654 1301 2715 Apollo,

736 2742 810 2779 332
841 2731 982 2769 animo.
