<?xml version="1.0" encoding="UTF-8"?>
<!DOCTYPE html PUBLIC "-//W3C//DTD XHTML 1.0 Transitional//EN"
    "http://www.w3.org/TR/xhtml1/DTD/xhtml1-transitional.dtd">
<html xmlns="http://www.w3.org/1999/xhtml" xml:lang="en" lang="en">
 <head>
  <title>
</title>
<meta http-equiv="Content-Type" content="text/html;charset=utf-8" />
  <meta name='ocr-system' content='tesseract 3.04.00' />
  <meta name='ocr-capabilities' content='ocr_page ocr_carea ocr_par ocr_line ocrx_word'/>
</head>
<body>
  <div class='ocr_page' id='page_1' title='image "./operabucolicageo00virguoft_0350.png"; bbox 0 0 1866 3208; ppageno 0'>
   <div class='ocr_carea' id='block_1_1' title="bbox 293 208 1338 258">
    <p class='ocr_par' dir='ltr' id='par_1_1' title="bbox 293 208 1338 258">
     <span class='ocr_line' id='line_1_1' title="bbox 293 208 1338 258; baseline 0 -12"><span class='ocrx_word' id='word_1_1' title='bbox 293 209 367 258; x_wconf 84' lang='lat'>318</span> <span class='ocrx_word' id='word_1_2' title='bbox 741 210 784 247; x_wconf 89' lang='lat' dir='ltr'>P.</span> <span class='ocrx_word' id='word_1_3' title='bbox 815 208 1049 247; x_wconf 91' lang='lat' dir='ltr'>VERGILI</span> <span class='ocrx_word' id='word_1_4' title='bbox 1081 209 1338 247; x_wconf 92' lang='lat' dir='ltr'>MARONIS</span> 
     </span>
    </p>
   </div>
   <div class='ocr_carea' id='block_1_2' title="bbox 345 316 1789 2694">
    <p class='ocr_par' dir='ltr' id='par_1_2' title="bbox 354 316 1789 378">
     <span class='ocr_line' id='line_1_2' title="bbox 354 316 1789 378; baseline -0.001 -15"><span class='ocrx_word' id='word_1_5' title='bbox 354 317 583 375; x_wconf 84' lang='lat' dir='ltr'><strong>defendit,</strong></span> <span class='ocrx_word' id='word_1_6' title='bbox 610 317 878 378; x_wconf 92' lang='lat' dir='ltr'>multosque</span> <span class='ocrx_word' id='word_1_7' title='bbox 904 317 1035 378; x_wconf 91' lang='lat' dir='ltr'>palus</span> <span class='ocrx_word' id='word_1_8' title='bbox 1061 317 1333 373; x_wconf 90' lang='lat' dir='ltr'>Laurentia,</span> <span class='ocrx_word' id='word_1_9' title='bbox 1363 316 1475 362; x_wconf 90' lang='lat' dir='ltr'>silva</span> <span class='ocrx_word' id='word_1_10' title='bbox 1727 343 1789 375; x_wconf 89' lang='lat'>709</span> 
     </span>
    </p>

    <p class='ocr_par' dir='ltr' id='par_1_3' title="bbox 354 383 1745 446">
     <span class='ocr_line' id='line_1_3' title="bbox 354 383 1745 446; baseline 0.001 -17"><span class='ocrx_word' id='word_1_11' title='bbox 354 397 508 446; x_wconf 88' lang='lat' dir='ltr'>pastus</span> <span class='ocrx_word' id='word_1_12' title='bbox 535 383 846 438; x_wconf 89' lang='lat' dir='ltr'>harundinea‚</span> <span class='ocrx_word' id='word_1_13' title='bbox 871 396 1120 445; x_wconf 88' lang='lat' dir='ltr'>postquam</span> <span class='ocrx_word' id='word_1_14' title='bbox 1146 383 1271 429; x_wconf 93' lang='lat' dir='ltr'>inter</span> <span class='ocrx_word' id='word_1_15' title='bbox 1296 383 1414 429; x_wconf 86' lang='lat' dir='ltr'>retia</span> <span class='ocrx_word' id='word_1_16' title='bbox 1438 396 1634 430; x_wconf 90' lang='lat' dir='ltr'>ventum</span> <span class='ocrx_word' id='word_1_17' title='bbox 1661 398 1745 443; x_wconf 90' lang='lat' dir='ltr'>est,</span> 
     </span>
    </p>

    <p class='ocr_par' dir='ltr' id='par_1_4' title="bbox 355 449 1661 511">
     <span class='ocr_line' id='line_1_4' title="bbox 355 449 1661 511; baseline 0 -15"><span class='ocrx_word' id='word_1_18' title='bbox 355 450 577 507; x_wconf 86' lang='lat' dir='ltr'>substitit,</span> <span class='ocrx_word' id='word_1_19' title='bbox 605 449 947 511; x_wconf 89' lang='lat' dir='ltr'>infremuitque</span> <span class='ocrx_word' id='word_1_20' title='bbox 972 449 1119 508; x_wconf 85' lang='lat' dir='ltr'>ferox,</span> <span class='ocrx_word' id='word_1_21' title='bbox 1148 464 1194 496; x_wconf 92' lang='lat' dir='ltr'>et</span> <span class='ocrx_word' id='word_1_22' title='bbox 1219 449 1457 495; x_wconf 89' lang='lat' dir='ltr'>inhorruit</span> <span class='ocrx_word' id='word_1_23' title='bbox 1483 466 1661 505; x_wconf 77' lang='lat' dir='ltr'>armos3</span> 
     </span>
    </p>

    <p class='ocr_par' dir='ltr' id='par_1_5' title="bbox 355 515 1599 579">
     <span class='ocr_line' id='line_1_5' title="bbox 355 515 1599 579; baseline 0 -17"><span class='ocrx_word' id='word_1_24' title='bbox 355 533 443 562; x_wconf 87' lang='lat' dir='ltr'>nec</span> <span class='ocrx_word' id='word_1_25' title='bbox 472 515 694 578; x_wconf 88' lang='lat' dir='ltr'>cuiquam</span> <span class='ocrx_word' id='word_1_26' title='bbox 720 515 853 562; x_wconf 88' lang='lat' dir='ltr'>irasci</span> <span class='ocrx_word' id='word_1_27' title='bbox 880 515 1166 579; x_wconf 90' lang='lat' dir='ltr'>propiusque</span> <span class='ocrx_word' id='word_1_28' title='bbox 1193 516 1415 562; x_wconf 87' lang='lat' dir='ltr'><strong>accedere</strong></span> <span class='ocrx_word' id='word_1_29' title='bbox 1441 515 1599 572; x_wconf 90' lang='lat' dir='ltr'>virtus,</span> 
     </span>
    </p>

    <p class='ocr_par' dir='ltr' id='par_1_6' title="bbox 353 581 1585 645">
     <span class='ocr_line' id='line_1_6' title="bbox 353 581 1585 645; baseline 0.001 -17"><span class='ocrx_word' id='word_1_30' title='bbox 353 583 434 628; x_wconf 88' lang='lat' dir='ltr'>sed</span> <span class='ocrx_word' id='word_1_31' title='bbox 458 582 620 628; x_wconf 91' lang='lat' dir='ltr'>iaculis</span> <span class='ocrx_word' id='word_1_32' title='bbox 647 581 852 645; x_wconf 92' lang='lat' dir='ltr'>tutisque</span> <span class='ocrx_word' id='word_1_33' title='bbox 879 583 1044 644; x_wconf 93' lang='lat' dir='ltr'>procul</span> <span class='ocrx_word' id='word_1_34' title='bbox 1072 582 1354 629; x_wconf 90' lang='lat' dir='ltr'>clamoribus</span> <span class='ocrx_word' id='word_1_35' title='bbox 1380 582 1585 629; x_wconf 88' lang='lat' dir='ltr'>instant:</span> 
     </span>
    </p>

    <p class='ocr_par' dir='ltr' id='par_1_7' title="bbox 353 648 1552 711">
     <span class='ocr_line' id='line_1_7' title="bbox 353 648 1552 711; baseline 0.001 -17"><span class='ocrx_word' id='word_1_36' title='bbox 353 648 478 694; x_wconf 91' lang='lat' dir='ltr'>haud</span> <span class='ocrx_word' id='word_1_37' title='bbox 503 648 654 705; x_wconf 89' lang='lat' dir='ltr'>aliter,</span> <span class='ocrx_word' id='word_1_38' title='bbox 680 648 826 695; x_wconf 90' lang='lat' dir='ltr'>iustae</span> <span class='ocrx_word' id='word_1_39' title='bbox 852 649 1022 711; x_wconf 91' lang='lat' dir='ltr'>quibus</span> <span class='ocrx_word' id='word_1_40' title='bbox 1049 663 1115 695; x_wconf 87' lang='lat' dir='ltr'>est</span> <span class='ocrx_word' id='word_1_41' title='bbox 1143 649 1416 695; x_wconf 91' lang='lat' dir='ltr'>Mezentius</span> <span class='ocrx_word' id='word_1_42' title='bbox 1443 649 1552 706; x_wconf 89' lang='lat' dir='ltr'>irae,</span> 
     </span>
    </p>

    <p class='ocr_par' dir='ltr' id='par_1_8' title="bbox 354 715 1537 772">
     <span class='ocr_line' id='line_1_8' title="bbox 354 715 1537 772; baseline 0 -11"><span class='ocrx_word' id='word_1_43' title='bbox 354 732 452 761; x_wconf 93' lang='lat' dir='ltr'>non</span> <span class='ocrx_word' id='word_1_44' title='bbox 478 715 562 761; x_wconf 92' lang='lat' dir='ltr'>ulli</span> <span class='ocrx_word' id='word_1_45' title='bbox 590 728 657 762; x_wconf 91' lang='lat' dir='ltr'>est</span> <span class='ocrx_word' id='word_1_46' title='bbox 683 715 864 762; x_wconf 90' lang='lat' dir='ltr'>animus</span> <span class='ocrx_word' id='word_1_47' title='bbox 891 715 1051 762; x_wconf 92' lang='lat' dir='ltr'>stricto</span> <span class='ocrx_word' id='word_1_48' title='bbox 1078 732 1360 762; x_wconf 90' lang='lat' dir='ltr'>concurrere</span> <span class='ocrx_word' id='word_1_49' title='bbox 1387 716 1537 772; x_wconf 89' lang='lat' dir='ltr'>ferro;</span> 
     </span>
    </p>

    <p class='ocr_par' dir='ltr' id='par_1_9' title="bbox 353 782 1515 843">
     <span class='ocr_line' id='line_1_9' title="bbox 353 782 1515 843; baseline 0 -15"><span class='ocrx_word' id='word_1_50' title='bbox 353 782 605 828; x_wconf 90' lang='lat' dir='ltr'>missilibus</span> <span class='ocrx_word' id='word_1_51' title='bbox 633 783 771 843; x_wconf 88' lang='lat' dir='ltr'>longe</span> <span class='ocrx_word' id='word_1_52' title='bbox 799 795 845 828; x_wconf 93' lang='lat' dir='ltr'>et</span> <span class='ocrx_word' id='word_1_53' title='bbox 871 795 998 828; x_wconf 90' lang='lat' dir='ltr'>vasto</span> <span class='ocrx_word' id='word_1_54' title='bbox 1025 783 1228 829; x_wconf 88' lang='lat' dir='ltr'>clamore</span> <span class='ocrx_word' id='word_1_55' title='bbox 1255 784 1515 829; x_wconf 88' lang='lat' dir='ltr'>lacessunt:</span> 
     </span>
    </p>

    <p class='ocr_par' dir='ltr' id='par_1_10' title="bbox 352 848 1627 911">
     <span class='ocr_line' id='line_1_10' title="bbox 352 848 1627 911; baseline 0.002 -17"><span class='ocrx_word' id='word_1_56' title='bbox 352 848 434 894; x_wconf 91' lang='lat' dir='ltr'>ille</span> <span class='ocrx_word' id='word_1_57' title='bbox 461 862 616 895; x_wconf 91' lang='lat' dir='ltr'>autern</span> <span class='ocrx_word' id='word_1_58' title='bbox 642 849 890 911; x_wconf 87' lang='lat' dir='ltr'>inpavidus</span> <span class='ocrx_word' id='word_1_59' title='bbox 916 863 1071 911; x_wconf 89' lang='lat' dir='ltr'>partes</span> <span class='ocrx_word' id='word_1_60' title='bbox 1098 863 1350 895; x_wconf 83' lang='lat' dir='ltr'>cunctatur</span> <span class='ocrx_word' id='word_1_61' title='bbox 1375 849 1424 895; x_wconf 92' lang='lat' dir='ltr'>in</span> <span class='ocrx_word' id='word_1_62' title='bbox 1449 866 1627 906; x_wconf 91' lang='lat' dir='ltr'>omnes,</span> 
     </span>
    </p>

    <p class='ocr_par' dir='ltr' id='par_1_11' title="bbox 352 915 1513 990">
     <span class='ocr_line' id='line_1_11' title="bbox 352 915 1513 990; baseline 0.002 -30"><span class='ocrx_word' id='word_1_63' title='bbox 352 915 573 961; x_wconf 84' lang='lat' dir='ltr'>dentibus</span> <span class='ocrx_word' id='word_1_64' title='bbox 600 915 890 990; x_wconf 84' lang='lat' dir='ltr'>infrendens,</span> <span class='ocrx_word' id='word_1_65' title='bbox 919 929 964 962; x_wconf 88' lang='lat' dir='ltr'>et</span> <span class='ocrx_word' id='word_1_66' title='bbox 991 929 1120 976; x_wconf 89' lang='lat' dir='ltr'>tergo</span> <span class='ocrx_word' id='word_1_67' title='bbox 1144 916 1323 962; x_wconf 87' lang='lat' dir='ltr'>decutit</span> <span class='ocrx_word' id='word_1_68' title='bbox 1348 917 1513 963; x_wconf 88' lang='lat' dir='ltr'>hastas.</span> 
     </span>
    </p>

    <p class='ocr_par' dir='ltr' id='par_1_12' title="bbox 351 981 1787 1044">
     <span class='ocr_line' id='line_1_12' title="bbox 351 981 1787 1044; baseline 0.001 -17"><span class='ocrx_word' id='word_1_69' title='bbox 351 996 542 1027; x_wconf 85' lang='lat' dir='ltr'>venerat</span> <span class='ocrx_word' id='word_1_70' title='bbox 567 981 769 1044; x_wconf 88' lang='lat' dir='ltr'>antiquis</span> <span class='ocrx_word' id='word_1_71' title='bbox 797 981 998 1042; x_wconf 87' lang='lat' dir='ltr'>Corythi</span> <span class='ocrx_word' id='word_1_72' title='bbox 1026 983 1083 1028; x_wconf 90' lang='lat' dir='ltr'>de</span> <span class='ocrx_word' id='word_1_73' title='bbox 1112 982 1282 1029; x_wconf 90' lang='lat' dir='ltr'>finibus</span> <span class='ocrx_word' id='word_1_74' title='bbox 1308 984 1483 1040; x_wconf 90' lang='lat' dir='ltr'>Acron,</span> <span class='ocrx_word' id='word_1_75' title='bbox 1727 1007 1787 1038; x_wconf 83' lang='lat'>7¹9</span> 
     </span>
    </p>

    <p class='ocr_par' dir='ltr' id='par_1_13' title="bbox 353 1048 1778 1123">
     <span class='ocr_line' id='line_1_13' title="bbox 353 1048 1778 1123; baseline 0.002 -30"><span class='ocrx_word' id='word_1_76' title='bbox 353 1048 527 1094; x_wconf 88' lang='lat' dir='ltr'>Graius</span> <span class='ocrx_word' id='word_1_77' title='bbox 553 1050 710 1123; x_wconf 78' lang='lat' dir='ltr'>homo,</span> <span class='ocrx_word' id='word_1_78' title='bbox 739 1048 940 1094; x_wconf 88' lang='lat' dir='ltr'>infectos</span> <span class='ocrx_word' id='word_1_79' title='bbox 965 1049 1188 1111; x_wconf 91' lang='lat' dir='ltr'>linquens</span> <span class='ocrx_word' id='word_1_80' title='bbox 1214 1050 1434 1111; x_wconf 88' lang='lat' dir='ltr'>profugus</span> <span class='ocrx_word' id='word_1_81' title='bbox 1461 1051 1778 1111; x_wconf 88' lang='lat' dir='ltr'>hymenaeos;</span> 
     </span>
    </p>

    <p class='ocr_par' dir='ltr' id='par_1_14' title="bbox 352 1115 1620 1176">
     <span class='ocr_line' id='line_1_14' title="bbox 352 1115 1620 1176; baseline 0.002 -16"><span class='ocrx_word' id='word_1_82' title='bbox 352 1117 481 1161; x_wconf 90' lang='lat' dir='ltr'>hunc</span> <span class='ocrx_word' id='word_1_83' title='bbox 510 1115 588 1160; x_wconf 90' lang='lat' dir='ltr'>ubi</span> <span class='ocrx_word' id='word_1_84' title='bbox 616 1115 898 1161; x_wconf 87' lang='lat' dir='ltr'>miscentem</span> <span class='ocrx_word' id='word_1_85' title='bbox 926 1115 1066 1175; x_wconf 90' lang='lat' dir='ltr'>longe</span> <span class='ocrx_word' id='word_1_86' title='bbox 1095 1116 1248 1162; x_wconf 89' lang='lat' dir='ltr'>media</span> <span class='ocrx_word' id='word_1_87' title='bbox 1274 1116 1460 1176; x_wconf 87' lang='lat' dir='ltr'>agmina</span> <span class='ocrx_word' id='word_1_88' title='bbox 1487 1115 1620 1174; x_wconf 90' lang='lat' dir='ltr'>vidit,</span> 
     </span>
    </p>

    <p class='ocr_par' dir='ltr' id='par_1_15' title="bbox 352 1182 1512 1244">
     <span class='ocr_line' id='line_1_15' title="bbox 352 1182 1512 1244; baseline 0.001 -17"><span class='ocrx_word' id='word_1_89' title='bbox 352 1199 643 1244; x_wconf 91' lang='lat' dir='ltr'>purpureum</span> <span class='ocrx_word' id='word_1_90' title='bbox 670 1182 827 1244; x_wconf 83' lang='lat' dir='ltr'>pinnis</span> <span class='ocrx_word' id='word_1_91' title='bbox 854 1194 901 1227; x_wconf 88' lang='lat' dir='ltr'>et</span> <span class='ocrx_word' id='word_1_92' title='bbox 928 1194 1094 1244; x_wconf 90' lang='lat' dir='ltr'>pactae</span> <span class='ocrx_word' id='word_1_93' title='bbox 1122 1182 1334 1243; x_wconf 87' lang='lat' dir='ltr'>coniugis</span> <span class='ocrx_word' id='word_1_94' title='bbox 1360 1196 1512 1229; x_wconf 89' lang='lat' dir='ltr'>ostro:</span> 
     </span>
    </p>

    <p class='ocr_par' dir='ltr' id='par_1_16' title="bbox 351 1249 1605 1311">
     <span class='ocr_line' id='line_1_16' title="bbox 351 1249 1605 1311; baseline 0.001 -17"><span class='ocrx_word' id='word_1_95' title='bbox 351 1249 559 1311; x_wconf 86' lang='lat' dir='ltr'>inpastus</span> <span class='ocrx_word' id='word_1_96' title='bbox 585 1249 765 1294; x_wconf 88' lang='lat' dir='ltr'>stabula</span> <span class='ocrx_word' id='word_1_97' title='bbox 791 1249 883 1294; x_wconf 90' lang='lat' dir='ltr'>alta</span> <span class='ocrx_word' id='word_1_98' title='bbox 909 1249 984 1294; x_wconf 91' lang='lat' dir='ltr'>leo</span> <span class='ocrx_word' id='word_1_99' title='bbox 1011 1265 1098 1295; x_wconf 92' lang='lat' dir='ltr'>ceu</span> <span class='ocrx_word' id='word_1_100' title='bbox 1125 1266 1260 1311; x_wconf 89' lang='lat' dir='ltr'>saepe</span> <span class='ocrx_word' id='word_1_101' title='bbox 1287 1266 1605 1311; x_wconf 89' lang='lat' dir='ltr'>peragrans—</span> 
     </span>
    </p>

    <p class='ocr_par' dir='ltr' id='par_1_17' title="bbox 352 1315 1535 1376">
     <span class='ocr_line' id='line_1_17' title="bbox 352 1315 1535 1376; baseline 0.001 -15"><span class='ocrx_word' id='word_1_102' title='bbox 352 1315 515 1362; x_wconf 90' lang='lat' dir='ltr'>suadet</span> <span class='ocrx_word' id='word_1_103' title='bbox 541 1315 671 1362; x_wconf 90' lang='lat' dir='ltr'>enim</span> <span class='ocrx_word' id='word_1_104' title='bbox 697 1332 869 1361; x_wconf 86' lang='lat' dir='ltr'>vesana</span> <span class='ocrx_word' id='word_1_105' title='bbox 893 1315 1145 1361; x_wconf 89' lang='lat' dir='ltr'>fames—si</span> <span class='ocrx_word' id='word_1_106' title='bbox 1174 1316 1292 1361; x_wconf 92' lang='lat' dir='ltr'>forte</span> <span class='ocrx_word' id='word_1_107' title='bbox 1318 1316 1535 1376; x_wconf 88' lang='lat' dir='ltr'>fugacem</span> 
     </span>
    </p>

    <p class='ocr_par' dir='ltr' id='par_1_18' title="bbox 353 1382 1765 1444">
     <span class='ocr_line' id='line_1_18' title="bbox 353 1382 1765 1444; baseline 0.001 -17"><span class='ocrx_word' id='word_1_108' title='bbox 353 1382 598 1444; x_wconf 84' lang='lat' dir='ltr'>conspexit</span> <span class='ocrx_word' id='word_1_109' title='bbox 628 1399 845 1444; x_wconf 89' lang='lat' dir='ltr'>capream</span> <span class='ocrx_word' id='word_1_110' title='bbox 873 1396 951 1428; x_wconf 91' lang='lat' dir='ltr'>aut</span> <span class='ocrx_word' id='word_1_111' title='bbox 983 1396 1255 1442; x_wconf 90' lang='lat' dir='ltr'>surgentem</span> <span class='ocrx_word' id='word_1_112' title='bbox 1281 1382 1331 1428; x_wconf 93' lang='lat' dir='ltr'>in</span> <span class='ocrx_word' id='word_1_113' title='bbox 1358 1399 1534 1428; x_wconf 88' lang='lat' dir='ltr'>cornua</span> <span class='ocrx_word' id='word_1_114' title='bbox 1559 1399 1765 1438; x_wconf 88' lang='lat' dir='ltr'>cervum,</span> 
     </span>
    </p>

    <p class='ocr_par' dir='ltr' id='par_1_19' title="bbox 351 1448 1692 1511">
     <span class='ocr_line' id='line_1_19' title="bbox 351 1448 1692 1511; baseline 0.001 -17"><span class='ocrx_word' id='word_1_115' title='bbox 351 1449 541 1509; x_wconf 88' lang='lat' dir='ltr'>gaudet,</span> <span class='ocrx_word' id='word_1_116' title='bbox 566 1449 736 1496; x_wconf 89' lang='lat' dir='ltr'>hians</span> <span class='ocrx_word' id='word_1_117' title='bbox 725 1465 937 1506; x_wconf 86' lang='lat' dir='ltr'>mmane,</span> <span class='ocrx_word' id='word_1_118' title='bbox 966 1466 1218 1511; x_wconf 90' lang='lat' dir='ltr'>comasque</span> <span class='ocrx_word' id='word_1_119' title='bbox 1245 1448 1432 1504; x_wconf 89' lang='lat' dir='ltr'>arrexit,</span> <span class='ocrx_word' id='word_1_120' title='bbox 1460 1463 1505 1495; x_wconf 92' lang='lat' dir='ltr'>et</span> <span class='ocrx_word' id='word_1_121' title='bbox 1530 1450 1692 1495; x_wconf 89' lang='lat' dir='ltr'>haeret</span> 
     </span>
    </p>

    <p class='ocr_par' dir='ltr' id='par_1_20' title="bbox 350 1515 1653 1578">
     <span class='ocr_line' id='line_1_20' title="bbox 350 1515 1653 1578; baseline 0.002 -18"><span class='ocrx_word' id='word_1_122' title='bbox 350 1515 605 1562; x_wconf 89' lang='lat' dir='ltr'>visceribus</span> <span class='ocrx_word' id='word_1_123' title='bbox 629 1533 768 1578; x_wconf 90' lang='lat' dir='ltr'>super</span> <span class='ocrx_word' id='word_1_124' title='bbox 793 1516 1105 1562; x_wconf 89' lang='lat' dir='ltr'>incumbens·</span> <span class='ocrx_word' id='word_1_125' title='bbox 1094 1537 1107 1572; x_wconf 91' lang='lat'>;</span> <span class='ocrx_word' id='word_1_126' title='bbox 1145 1516 1257 1561; x_wconf 89' lang='lat' dir='ltr'>lavit</span> <span class='ocrx_word' id='word_1_127' title='bbox 1284 1515 1481 1578; x_wconf 89' lang='lat' dir='ltr'>inproba</span> <span class='ocrx_word' id='word_1_128' title='bbox 1506 1528 1653 1566; x_wconf 85' lang='lat' dir='ltr'>taeter</span> 
     </span>
    </p>

    <p class='ocr_par' dir='ltr' id='par_1_21' title="bbox 351 1599 620 1629">
     <span class='ocr_line' id='line_1_21' title="bbox 351 1599 620 1629; baseline 0 -1"><span class='ocrx_word' id='word_1_129' title='bbox 351 1599 429 1628; x_wconf 91' lang='lat' dir='ltr'>ora</span> <span class='ocrx_word' id='word_1_130' title='bbox 453 1599 620 1629; x_wconf 89' lang='lat' dir='ltr'>cruor:</span> 
     </span>
    </p>

    <p class='ocr_par' dir='ltr' id='par_1_22' title="bbox 351 1649 1483 1696">
     <span class='ocr_line' id='line_1_22' title="bbox 351 1649 1483 1696; baseline 0.002 -2"><span class='ocrx_word' id='word_1_131' title='bbox 351 1649 413 1694; x_wconf 90' lang='lat' dir='ltr'>sic</span> <span class='ocrx_word' id='word_1_132' title='bbox 441 1649 533 1695; x_wconf 91' lang='lat' dir='ltr'>ruit</span> <span class='ocrx_word' id='word_1_133' title='bbox 559 1649 606 1695; x_wconf 89' lang='lat' dir='ltr'>in</span> <span class='ocrx_word' id='word_1_134' title='bbox 634 1650 802 1695; x_wconf 87' lang='lat' dir='ltr'>densos</span> <span class='ocrx_word' id='word_1_135' title='bbox 831 1650 983 1696; x_wconf 90' lang='lat' dir='ltr'>alacer</span> <span class='ocrx_word' id='word_1_136' title='bbox 1012 1649 1287 1695; x_wconf 89' lang='lat' dir='ltr'>Mezentius</span> <span class='ocrx_word' id='word_1_137' title='bbox 1313 1651 1483 1696; x_wconf 73' lang='lat' dir='ltr'>hostes·</span> 
     </span>
    </p>

    <p class='ocr_par' dir='ltr' id='par_1_23' title="bbox 351 1715 1786 1772">
     <span class='ocr_line' id='line_1_23' title="bbox 351 1715 1786 1772; baseline 0.001 -11"><span class='ocrx_word' id='word_1_138' title='bbox 351 1715 574 1761; x_wconf 89' lang='lat' dir='ltr'>sternitur</span> <span class='ocrx_word' id='word_1_139' title='bbox 600 1716 766 1761; x_wconf 86' lang='lat' dir='ltr'>infelix</span> <span class='ocrx_word' id='word_1_140' title='bbox 793 1718 969 1772; x_wconf 90' lang='lat' dir='ltr'>Acron,</span> <span class='ocrx_word' id='word_1_141' title='bbox 999 1731 1046 1763; x_wconf 88' lang='lat' dir='ltr'>et</span> <span class='ocrx_word' id='word_1_142' title='bbox 1074 1716 1282 1762; x_wconf 91' lang='lat' dir='ltr'>calcibus</span> <span class='ocrx_word' id='word_1_143' title='bbox 1308 1730 1453 1762; x_wconf 87' lang='lat' dir='ltr'>atram</span> <span class='ocrx_word' id='word_1_144' title='bbox 1725 1742 1786 1771; x_wconf 85' lang='lat'>730</span> 
     </span>
    </p>

    <p class='ocr_par' dir='ltr' id='par_1_24' title="bbox 350 1782 1708 1845">
     <span class='ocr_line' id='line_1_24' title="bbox 350 1782 1708 1845; baseline 0 -17"><span class='ocrx_word' id='word_1_145' title='bbox 350 1782 507 1828; x_wconf 91' lang='lat' dir='ltr'>tundit</span> <span class='ocrx_word' id='word_1_146' title='bbox 532 1783 732 1828; x_wconf 90' lang='lat' dir='ltr'>humum</span> <span class='ocrx_word' id='word_1_147' title='bbox 759 1782 1012 1844; x_wconf 86' lang='lat' dir='ltr'>exspirans,</span> <span class='ocrx_word' id='word_1_148' title='bbox 1039 1782 1333 1845; x_wconf 90' lang='lat' dir='ltr'>infractaque</span> <span class='ocrx_word' id='word_1_149' title='bbox 1360 1782 1452 1828; x_wconf 89' lang='lat' dir='ltr'>tela</span> <span class='ocrx_word' id='word_1_150' title='bbox 1477 1796 1708 1829; x_wconf 86' lang='lat' dir='ltr'>cruentat.</span> 
     </span>
    </p>

    <p class='ocr_par' dir='ltr' id='par_1_25' title="bbox 349 1848 1634 1911">
     <span class='ocr_line' id='line_1_25' title="bbox 349 1848 1634 1911; baseline 0 -17"><span class='ocrx_word' id='word_1_151' title='bbox 349 1863 488 1911; x_wconf 87' lang='lat' dir='ltr'>atque</span> <span class='ocrx_word' id='word_1_152' title='bbox 515 1848 640 1894; x_wconf 91' lang='lat' dir='ltr'>idem</span> <span class='ocrx_word' id='word_1_153' title='bbox 667 1848 927 1909; x_wconf 87' lang='lat' dir='ltr'>fugientem</span> <span class='ocrx_word' id='word_1_154' title='bbox 954 1849 1079 1894; x_wconf 92' lang='lat' dir='ltr'>haud</span> <span class='ocrx_word' id='word_1_155' title='bbox 1106 1862 1173 1895; x_wconf 89' lang='lat' dir='ltr'>est</span> <span class='ocrx_word' id='word_1_156' title='bbox 1199 1849 1414 1908; x_wconf 90' lang='lat' dir='ltr'>dignatus</span> <span class='ocrx_word' id='word_1_157' title='bbox 1441 1849 1634 1895; x_wconf 92' lang='lat' dir='ltr'>Oroden</span> 
     </span>
    </p>

    <p class='ocr_par' dir='ltr' id='par_1_26' title="bbox 349 1915 1633 1977">
     <span class='ocr_line' id='line_1_26' title="bbox 349 1915 1633 1977; baseline 0.001 -16"><span class='ocrx_word' id='word_1_158' title='bbox 349 1930 568 1971; x_wconf 87' lang='lat' dir='ltr'>sternere,</span> <span class='ocrx_word' id='word_1_159' title='bbox 596 1932 684 1961; x_wconf 91' lang='lat' dir='ltr'>nec</span> <span class='ocrx_word' id='word_1_160' title='bbox 712 1916 832 1961; x_wconf 90' lang='lat' dir='ltr'>iacta</span> <span class='ocrx_word' id='word_1_161' title='bbox 857 1932 1052 1961; x_wconf 89' lang='lat' dir='ltr'>caecum</span> <span class='ocrx_word' id='word_1_162' title='bbox 1079 1915 1186 1961; x_wconf 89' lang='lat' dir='ltr'>dare</span> <span class='ocrx_word' id='word_1_163' title='bbox 1215 1915 1406 1977; x_wconf 91' lang='lat' dir='ltr'>cuspide</span> <span class='ocrx_word' id='word_1_164' title='bbox 1432 1916 1633 1971; x_wconf 92' lang='lat' dir='ltr'>vulnus;</span> 
     </span>
    </p>

    <p class='ocr_par' dir='ltr' id='par_1_27' title="bbox 349 1981 1460 2044">
     <span class='ocr_line' id='line_1_27' title="bbox 349 1981 1460 2044; baseline -0.001 -16"><span class='ocrx_word' id='word_1_165' title='bbox 349 1982 512 2028; x_wconf 90' lang='lat' dir='ltr'>obvius</span> <span class='ocrx_word' id='word_1_166' title='bbox 538 1982 822 2044; x_wconf 88' lang='lat' dir='ltr'>adversoque</span> <span class='ocrx_word' id='word_1_167' title='bbox 849 1981 1067 2036; x_wconf 88' lang='lat' dir='ltr'>occurrit,</span> <span class='ocrx_word' id='word_1_168' title='bbox 1100 1998 1240 2044; x_wconf 91' lang='lat' dir='ltr'>seque</span> <span class='ocrx_word' id='word_1_169' title='bbox 1267 1981 1366 2027; x_wconf 92' lang='lat' dir='ltr'>viro</span> <span class='ocrx_word' id='word_1_170' title='bbox 1391 1982 1460 2027; x_wconf 89' lang='lat' dir='ltr'>vir</span> 
     </span>
    </p>

    <p class='ocr_par' dir='ltr' id='par_1_28' title="bbox 349 2048 1569 2104">
     <span class='ocr_line' id='line_1_28' title="bbox 349 2048 1569 2104; baseline 0 -9"><span class='ocrx_word' id='word_1_171' title='bbox 349 2049 567 2104; x_wconf 90' lang='lat' dir='ltr'>contulit,</span> <span class='ocrx_word' id='word_1_172' title='bbox 595 2049 720 2094; x_wconf 94' lang='lat' dir='ltr'>haud</span> <span class='ocrx_word' id='word_1_173' title='bbox 745 2049 871 2094; x_wconf 88' lang='lat' dir='ltr'>furto</span> <span class='ocrx_word' id='word_1_174' title='bbox 897 2049 1063 2094; x_wconf 90' lang='lat' dir='ltr'>melior</span> <span class='ocrx_word' id='word_1_175' title='bbox 1091 2049 1168 2095; x_wconf 89' lang='lat' dir='ltr'>sed</span> <span class='ocrx_word' id='word_1_176' title='bbox 1197 2048 1394 2094; x_wconf 90' lang='lat' dir='ltr'>fortibus</span> <span class='ocrx_word' id='word_1_177' title='bbox 1418 2049 1569 2096; x_wconf 89' lang='lat' dir='ltr'>armis.</span> 
     </span>
    </p>

    <p class='ocr_par' dir='ltr' id='par_1_29' title="bbox 349 2115 1620 2178">
     <span class='ocr_line' id='line_1_29' title="bbox 349 2115 1620 2178; baseline 0 -16"><span class='ocrx_word' id='word_1_178' title='bbox 349 2129 449 2162; x_wconf 87' lang='lat' dir='ltr'>tum</span> <span class='ocrx_word' id='word_1_179' title='bbox 476 2133 612 2178; x_wconf 90' lang='lat' dir='ltr'>super</span> <span class='ocrx_word' id='word_1_180' title='bbox 639 2116 876 2162; x_wconf 89' lang='lat' dir='ltr'>abiectum</span> <span class='ocrx_word' id='word_1_181' title='bbox 904 2116 1053 2177; x_wconf 92' lang='lat' dir='ltr'>posito</span> <span class='ocrx_word' id='word_1_182' title='bbox 1080 2115 1197 2176; x_wconf 90' lang='lat' dir='ltr'>pede</span> <span class='ocrx_word' id='word_1_183' title='bbox 1226 2115 1363 2161; x_wconf 85' lang='lat' dir='ltr'>nixus</span> <span class='ocrx_word' id='word_1_184' title='bbox 1390 2129 1436 2162; x_wconf 91' lang='lat' dir='ltr'>et</span> <span class='ocrx_word' id='word_1_185' title='bbox 1460 2117 1620 2162; x_wconf 85' lang='lat' dir='ltr'>hasta:</span> 
     </span>
    </p>

    <p class='ocr_par' dir='ltr' id='par_1_30' title="bbox 347 2180 1702 2244">
     <span class='ocr_line' id='line_1_30' title="bbox 347 2180 1702 2244; baseline 0 -16"><span class='ocrx_word' id='word_1_186' title='bbox 347 2201 449 2244; x_wconf 91' lang='lat' dir='ltr'>pars</span> <span class='ocrx_word' id='word_1_187' title='bbox 475 2183 589 2228; x_wconf 90' lang='lat' dir='ltr'>belli</span> <span class='ocrx_word' id='word_1_188' title='bbox 616 2183 743 2229; x_wconf 90' lang='lat' dir='ltr'>haud</span> <span class='ocrx_word' id='word_1_189' title='bbox 770 2183 1038 2238; x_wconf 91' lang='lat' dir='ltr'>temnenda,</span> <span class='ocrx_word' id='word_1_190' title='bbox 1068 2182 1170 2238; x_wconf 88' lang='lat' dir='ltr'>viri,</span> <span class='ocrx_word' id='word_1_191' title='bbox 1198 2182 1321 2228; x_wconf 91' lang='lat' dir='ltr'>iacet</span> <span class='ocrx_word' id='word_1_192' title='bbox 1347 2182 1467 2228; x_wconf 89' lang='lat' dir='ltr'>altus</span> <span class='ocrx_word' id='word_1_193' title='bbox 1493 2180 1702 2229; x_wconf 57' lang='lat' dir='ltr'>Orodes?</span> 
     </span>
    </p>

    <p class='ocr_par' dir='ltr' id='par_1_31' title="bbox 349 2249 1388 2311">
     <span class='ocr_line' id='line_1_31' title="bbox 349 2249 1388 2311; baseline -0.001 -16"><span class='ocrx_word' id='word_1_194' title='bbox 349 2250 649 2295; x_wconf 88' lang='lat' dir='ltr'>conclamant</span> <span class='ocrx_word' id='word_1_195' title='bbox 676 2249 788 2295; x_wconf 90' lang='lat' dir='ltr'>socii</span> <span class='ocrx_word' id='word_1_196' title='bbox 815 2251 993 2295; x_wconf 90' lang='lat' dir='ltr'>laetum</span> <span class='ocrx_word' id='word_1_197' title='bbox 1020 2265 1196 2311; x_wconf 90' lang='lat' dir='ltr'>paeana</span> <span class='ocrx_word' id='word_1_198' title='bbox 1223 2249 1388 2295; x_wconf 87' lang='lat' dir='ltr'>secuti.</span> 
     </span>
    </p>

    <p class='ocr_par' dir='ltr' id='par_1_32' title="bbox 349 2315 1781 2378">
     <span class='ocr_line' id='line_1_32' title="bbox 349 2315 1781 2378; baseline 0.001 -18"><span class='ocrx_word' id='word_1_199' title='bbox 349 2315 428 2361; x_wconf 93' lang='lat' dir='ltr'>ille</span> <span class='ocrx_word' id='word_1_200' title='bbox 455 2329 614 2362; x_wconf 91' lang='lat' dir='ltr'>autern</span> <span class='ocrx_word' id='word_1_201' title='bbox 640 2316 904 2378; x_wconf 84' lang='lat' dir='ltr'>exspirans:</span> <span class='ocrx_word' id='word_1_202' title='bbox 946 2324 958 2341; x_wconf 90' lang='lat'>‘</span> <span class='ocrx_word' id='word_1_203' title='bbox 975 2332 1070 2360; x_wconf 92' lang='lat' dir='ltr'>non</span> <span class='ocrx_word' id='word_1_204' title='bbox 1098 2331 1190 2371; x_wconf 91' lang='lat' dir='ltr'>me,</span> <span class='ocrx_word' id='word_1_205' title='bbox 1211 2315 1499 2377; x_wconf 91' lang='lat' dir='ltr'>quicumque</span> <span class='ocrx_word' id='word_1_206' title='bbox 1526 2332 1588 2371; x_wconf 90' lang='lat' dir='ltr'>es,</span> <span class='ocrx_word' id='word_1_207' title='bbox 1609 2315 1781 2372; x_wconf 90' lang='lat' dir='ltr'>inulto,</span> 
     </span>
    </p>

    <p class='ocr_par' dir='ltr' id='par_1_33' title="bbox 348 2382 1782 2443">
     <span class='ocr_line' id='line_1_33' title="bbox 348 2382 1782 2443; baseline 0.001 -16"><span class='ocrx_word' id='word_1_208' title='bbox 348 2382 512 2438; x_wconf 92' lang='lat' dir='ltr'>victor,</span> <span class='ocrx_word' id='word_1_209' title='bbox 541 2399 628 2428; x_wconf 92' lang='lat' dir='ltr'>nec</span> <span class='ocrx_word' id='word_1_210' title='bbox 657 2383 851 2442; x_wconf 91' lang='lat' dir='ltr'>longum</span> <span class='ocrx_word' id='word_1_211' title='bbox 879 2382 1106 2427; x_wconf 86' lang='lat' dir='ltr'>laetabere</span> <span class='ocrx_word' id='word_1_212' title='bbox 1129 2401 1143 2437; x_wconf 92' lang='lat'>;</span> <span class='ocrx_word' id='word_1_213' title='bbox 1180 2395 1225 2426; x_wconf 93' lang='lat' dir='ltr'>te</span> <span class='ocrx_word' id='word_1_214' title='bbox 1252 2398 1436 2443; x_wconf 90' lang='lat' dir='ltr'>quoque</span> <span class='ocrx_word' id='word_1_215' title='bbox 1463 2382 1554 2427; x_wconf 89' lang='lat' dir='ltr'>fata</span> <span class='ocrx_word' id='word_1_216' title='bbox 1720 2407 1782 2437; x_wconf 84' lang='lat'>740</span> 
     </span>
    </p>

    <p class='ocr_par' dir='ltr' id='par_1_34' title="bbox 348 2447 1668 2510">
     <span class='ocr_line' id='line_1_34' title="bbox 348 2447 1668 2510; baseline 0 -16"><span class='ocrx_word' id='word_1_217' title='bbox 348 2461 645 2510; x_wconf 89' lang='lat' dir='ltr'>prospectant</span> <span class='ocrx_word' id='word_1_218' title='bbox 671 2449 808 2509; x_wconf 92' lang='lat' dir='ltr'>paria,</span> <span class='ocrx_word' id='word_1_219' title='bbox 837 2461 975 2510; x_wconf 91' lang='lat' dir='ltr'>atque</span> <span class='ocrx_word' id='word_1_220' title='bbox 1003 2447 1164 2493; x_wconf 91' lang='lat' dir='ltr'>eadem</span> <span class='ocrx_word' id='word_1_221' title='bbox 1191 2464 1299 2492; x_wconf 90' lang='lat' dir='ltr'>mox</span> <span class='ocrx_word' id='word_1_222' title='bbox 1329 2464 1434 2493; x_wconf 87' lang='lat' dir='ltr'>arva</span> <span class='ocrx_word' id='word_1_223' title='bbox 1459 2448 1668 2495; x_wconf 64' lang='lat' dir='ltr'>tenebis!</span> 
     </span>
    </p>

    <p class='ocr_par' dir='ltr' id='par_1_35' title="bbox 347 2513 1438 2578">
     <span class='ocr_line' id='line_1_35' title="bbox 347 2513 1438 2578; baseline 0 -18"><span class='ocrx_word' id='word_1_224' title='bbox 347 2515 403 2560; x_wconf 93' lang='lat' dir='ltr'>ad</span> <span class='ocrx_word' id='word_1_225' title='bbox 429 2531 570 2578; x_wconf 90' lang='lat' dir='ltr'>quem</span> <span class='ocrx_word' id='word_1_226' title='bbox 597 2514 841 2560; x_wconf 91' lang='lat' dir='ltr'>subridens</span> <span class='ocrx_word' id='word_1_227' title='bbox 868 2514 1013 2559; x_wconf 88' lang='lat' dir='ltr'>mixta</span> <span class='ocrx_word' id='word_1_228' title='bbox 1041 2513 1313 2559; x_wconf 89' lang='lat' dir='ltr'>Mezentius</span> <span class='ocrx_word' id='word_1_229' title='bbox 1340 2513 1403 2559; x_wconf 90' lang='lat' dir='ltr'>ira</span> <span class='ocrx_word' id='word_1_230' title='bbox 1428 2532 1438 2560; x_wconf 91' lang='lat'>:</span> 
     </span>
    </p>

    <p class='ocr_par' dir='ltr' id='par_1_36' title="bbox 345 2580 1778 2694">
     <span class='ocr_line' id='line_1_36' title="bbox 345 2580 1778 2643; baseline 0.001 -17"><span class='ocrx_word' id='word_1_231' title='bbox 345 2598 471 2628; x_wconf 91' lang='lat' dir='ltr'>nunc</span> <span class='ocrx_word' id='word_1_232' title='bbox 501 2597 679 2627; x_wconf 91' lang='lat' dir='ltr'>morere</span> <span class='ocrx_word' id='word_1_233' title='bbox 705 2599 715 2627; x_wconf 91' lang='lat'>:</span> <span class='ocrx_word' id='word_1_234' title='bbox 756 2594 821 2627; x_wconf 91' lang='lat' dir='ltr'>ast</span> <span class='ocrx_word' id='word_1_235' title='bbox 845 2580 902 2626; x_wconf 91' lang='lat' dir='ltr'>de</span> <span class='ocrx_word' id='word_1_236' title='bbox 929 2597 1003 2626; x_wconf 89' lang='lat' dir='ltr'>me</span> <span class='ocrx_word' id='word_1_237' title='bbox 1029 2580 1186 2626; x_wconf 90' lang='lat' dir='ltr'>divom</span> <span class='ocrx_word' id='word_1_238' title='bbox 1212 2594 1342 2641; x_wconf 91' lang='lat' dir='ltr'>pater</span> <span class='ocrx_word' id='word_1_239' title='bbox 1367 2595 1504 2643; x_wconf 90' lang='lat' dir='ltr'>atque</span> <span class='ocrx_word' id='word_1_240' title='bbox 1530 2581 1778 2628; x_wconf 90' lang='lat' dir='ltr'>hominum</span> 
     </span>
     <span class='ocr_line' id='line_1_37' title="bbox 413 2665 494 2694; baseline 0 -1"><span class='ocrx_word' id='word_1_241' title='bbox 413 2665 494 2694; x_wconf 88' lang='lat' dir='ltr'>rex</span> 
     </span>
    </p>
   </div>
   <div class='ocr_carea' id='block_1_3' title="bbox 347 2714 549 2761">
    <p class='ocr_par' dir='ltr' id='par_1_37' title="bbox 347 2714 549 2761">
     <span class='ocr_line' id='line_1_38' title="bbox 347 2714 549 2761; baseline 0.01 -2"><span class='ocrx_word' id='word_1_242' title='bbox 347 2714 549 2761; x_wconf 85' lang='lat' dir='ltr'>viderit.&#39;</span> 
     </span>
    </p>
   </div>
   <div class='ocr_carea' id='block_1_4' title="bbox 620 2713 1512 2775">
    <p class='ocr_par' dir='ltr' id='par_1_38' title="bbox 620 2713 1512 2775">
     <span class='ocr_line' id='line_1_39' title="bbox 620 2713 1512 2775; baseline 0 -15"><span class='ocrx_word' id='word_1_243' title='bbox 620 2715 707 2760; x_wconf 90' lang='lat' dir='ltr'>hoc</span> <span class='ocrx_word' id='word_1_244' title='bbox 735 2714 899 2760; x_wconf 85' lang='lat' dir='ltr'>dicens</span> <span class='ocrx_word' id='word_1_245' title='bbox 924 2713 1086 2760; x_wconf 88' lang='lat' dir='ltr'>eduxit</span> <span class='ocrx_word' id='word_1_246' title='bbox 1112 2729 1305 2775; x_wconf 93' lang='lat' dir='ltr'>corpore</span> <span class='ocrx_word' id='word_1_247' title='bbox 1333 2715 1512 2771; x_wconf 84' lang='lat' dir='ltr'>telum3</span> 
     </span>
    </p>
   </div>
  </div>
 </body>
</html>
