1866 3208
282 233 359 272 334
727 223 770 261 P.
800 221 1035 259 VERGILI
1064 222 1321 260 MARoms

345 329 527 376 lumina
552 342 621 376 tot
646 328 870 376 cecidisse
895 328 1073 376 ducum
1098 342 1338 392 totamque
1363 330 1574 377 videmus

346 395 608 443 consedisse
635 395 800 441 urbem
827 395 976 452 luctu,
1002 396 1115 442 dum
1141 396 1285 442 Tro'sa
1310 410 1507 458 temptat
1705 423 1767 454 350

345 476 509 520 castra,
537 462 673 522 fugae
699 461 863 518 fidens,
887 475 936 509 et
959 463 1142 510 caelum
1169 463 1346 510 territat
1366 463 1517 510 armis.

345 544 494 575 unum
520 528 660 574 etiam
684 528 817 574 donis
842 528 954 585 istis,
982 546 1099 592 quae
1123 529 1326 592 plurima
1351 529 1477 576 mitti

343 594 624 642 Dardanidis
651 595 842 657 dicique
867 594 1011 651 iubes,
1040 613 1204 653 unum,
1231 596 1409 658 optime
1433 612 1612 656 regum,

343 660 548 717 adicias;
585 677 673 707 nec
700 674 744 707 te
772 661 911 707 ullius
938 662 1160 708 violentia
1184 663 1361 719 vincat,

343 727 459 790 quin
485 741 640 774 natam
665 728 849 788 egregio
875 745 1047 789 genero
1072 729 1315 791 dignisque
1346 730 1616 790 hymenaeis

342 794 422 839 des
447 807 594 855 pater,
622 807 670 840 et
693 811 860 856 pacem
884 796 1006 842 hanc
1034 809 1221 842 aeterno
1247 796 1430 842 foedere
1457 796 1635 858 iungas.

343 860 468 923 quod
494 860 528 906 si
556 874 711 907 tantus
736 861 878 907 habet
904 875 1086 908 mentes
1113 876 1159 909 et
1183 876 1373 925 pectora
1399 876 1558 919 terror,

342 927 495 989 ipsum
520 927 822 984 obtestemur,
849 929 1128 991 veniamque
1155 946 1337 975 oremus
1364 929 1419 975 ab
1445 929 1577 990 ipso;

343 994 496 1050 cedat,
521 993 591 1039 ius
616 994 858 1055 proprium
884 995 979 1054 regi
1005 995 1271 1058 patriaeque
1298 996 1520 1042 remittat.

343 1060 457 1123 quid
482 1060 671 1106 miseros
696 1060 865 1106 totiens
893 1061 941 1107 in
969 1075 1126 1122 aperta
1150 1062 1359 1124 pericula
1385 1062 1508 1109 cives
1707 1076 1768 1118 360

343 1126 527 1189 proicis,
553 1144 580 1172 0
605 1127 740 1172 Latio
765 1141 907 1189 caput
932 1129 1099 1174 horum
1125 1142 1171 1175 et
1197 1146 1331 1175 causa
1356 1130 1619 1176 malorum?

343 1193 475 1239 nulla
500 1194 618 1239 salus
646 1193 805 1239 bello·
792 1213 806 1248 ;
843 1211 1006 1255 pacem
1034 1208 1078 1241 te
1103 1196 1336 1257 poscimus
1361 1212 1538 1254 omnes,

345 1260 527 1334 Turne,
555 1260 693 1306 simul
720 1260 845 1322 pacis
872 1261 1022 1308 solum
1049 1261 1320 1308 inviolabile
1344 1263 1526 1324 pignus.

342 1327 518 1389 primus
546 1343 646 1387 ego,
673 1327 877 1373 invisum
904 1344 1047 1390 quem
1073 1342 1123 1374 tu
1150 1328 1235 1374 tibi
1262 1328 1412 1389 fingis,
1438 1342 1485 1375 et
1505 1345 1598 1375 esse

343 1394 411 1439 nil
438 1410 604 1468 moror,
633 1410 691 1439 en
718 1394 915 1456 supplex
944 1395 1098 1441 venio.
1170 1395 1386 1441 miserere
1413 1409 1614 1451 tuorum,

342 1477 466 1523 pone
492 1460 688 1517 animos,
712 1474 759 1507 et
783 1461 944 1523 pulsus
971 1461 1060 1508 abi.
1131 1475 1198 1507 sat
1223 1462 1387 1508 funera
1411 1462 1499 1508 fusi

344 1527 558 1582 vidimus,
587 1527 801 1588 ingentes
827 1541 873 1574 et
898 1528 1207 1574 desolavimus
1233 1545 1375 1588 agros·

344 1606 435 1649 aut,
464 1593 498 1639 si
525 1594 647 1639 fama
673 1608 848 1668 movet,
875 1594 910 1640 si
939 1608 1123 1641 tantum
1147 1608 1335 1670 pectore
1361 1596 1501 1642 robur

344 1660 571 1721 concipis,
597 1674 643 1706 et
668 1660 702 1706 si
729 1661 844 1706 adeo
869 1662 1035 1707 dotalis
1062 1662 1186 1722 regia
1211 1661 1337 1708 cordi
1365 1675 1447 1719 est,

343 1726 478 1782 aude,
503 1739 641 1788 atque
668 1727 910 1773 adversum
937 1727 1084 1774 fidens
1113 1728 1180 1773 fer
1204 1742 1368 1790 pectus
1392 1729 1441 1774 in
1468 1730 1666 1775 hostem.
1708 1753 1769 1782 370

344 1792 542 1848 scilicet,
568 1807 618 1838 ut
645 1793 814 1838 Turno
840 1794 1083 1853 contingat
1110 1794 1234 1853 regia
1258 1795 1485 1850 coniunx,

344 1876 445 1916 nOS,
470 1859 651 1905 animae
678 1859 810 1916 viles,
836 1860 1080 1906 inhumata
1106 1859 1361 1923 infletaque
1389 1861 1535 1916 turba,

344 1938 605 1972 sternamur
630 1926 842 1987 campis?
914 1927 1055 1973 etiam
1082 1940 1147 1983 tu,
1175 1927 1210 1972 si
1237 1945 1327 1989 qua
1352 1927 1436 1974 tibi
1462 1927 1546 1984 vis,

344 1992 378 2038 si
406 1992 539 2053 patrii
567 1992 681 2054 quid
709 1993 879 2039 Martis
905 1994 1060 2050 habes,
1088 1993 1224 2039 illum
1250 1994 1402 2055 aspice
1429 2008 1606 2050 contra,

345 2059 423 2122 qui
451 2059 619 2105 vocat.’

413 2126 582 2172 talibus
607 2127 775 2173 exarsit
801 2127 937 2173 dictis
963 2127 1187 2173 violentia
1213 2127 1368 2174 Turni
1393 2148 1404 2184 ;

345 2192 423 2239 dat
447 2193 692 2253 gemitum,
720 2194 990 2257 rumpitque
1015 2195 1093 2240 has
1120 2195 1215 2241 imo
1244 2208 1431 2270 pectore
1456 2212 1591 2242 voces
1616 2213 1626 2241 ε

347 2260 470 2319 larga
497 2260 704 2322 quidem,
732 2261 938 2319 Drance,
967 2278 1146 2323 semper
1171 2261 1256 2307 tibi
1282 2261 1415 2323 copia
1439 2262 1566 2307 fandi

347 2340 462 2401 tum,
491 2343 600 2372 cum
627 2328 750 2373 bella
771 2345 936 2374 manus
962 2341 1198 2389 poscunt3
1234 2328 1534 2402 patribusque
1560 2329 1734 2374 vocatis

347 2392 524 2454 primus
550 2394 670 2441 ades.
741 2395 820 2440 sed
844 2411 939 2440 non
966 2395 1190 2456 replenda
1214 2407 1280 2439 est
1305 2394 1431 2440 curia
1457 2395 1622 2452 verbis,
1707 2411 1768 2451 380

348 2476 464 2522 quae
491 2473 593 2506 tuto
618 2459 701 2506 tibi
728 2477 893 2520 magna
919 2461 1093 2517 volant,
1121 2460 1234 2506 dum
1260 2460 1449 2506 distinet
1473 2433 1655 2507 hostein

348 2543 482 2587 agger
506 2543 759 2583 murorum,
787 2543 873 2573 nec
901 2526 1137 2573 inundant
1163 2526 1384 2587 sanguine
1412 2527 1570 2575 fossae.

348 2593 542 2655 proinde
569 2606 678 2639 tona
703 2593 903 2655 eloquio,
931 2592 1121 2639 solitum
1146 2593 1229 2639 tibi
1252 2612 1266 2647 3
1303 2610 1470 2655 meque
1497 2594 1674 2641 timoris

346 2676 484 2719 argue
511 2673 577 2716 tu,
603 2659 808 2716 Drance,
833 2659 1020 2722 quando
1046 2672 1113 2706 tot
1137 2659 1295 2720 stragis
1321 2676 1506 2707 acervos

727 2748 745 2786 3
754 2736 801 2786 56
834 2736 977 2777 firmes.
1091 2736 1164 2786 382
1196 2749 1336 2785 aggere.
