1866 3208
221 240 301 269 220
670 229 714 267 P.
743 226 979 265 VERGILI
1006 226 1266 266 MARONIS

286 335 510 382 verbera:
548 348 649 381 tum
674 333 842 380 stridor
867 333 993 391 ferri,
1018 348 1285 398 tractaeque
1310 347 1520 380 catenae.
1824 375 1836 396 2

287 401 503 448 constitit
527 402 709 446 Aeneas
736 399 1079 463 strepitumque
1105 401 1351 448 exterritus
1376 400 1560 446 hausit:
1829 432 1835 445 .

255 473 268 494 ‘
286 485 406 531 quae
431 467 666 513 scelerum
691 466 867 512 facies?
902 483 930 512 o
953 466 1097 528 virgo,
1125 468 1295 524 effare3
1332 466 1560 529 quibusve
1652 482 1714 519 560
1832 462 1847 541 ᾗ

287 545 547 594 urguentur
572 531 769 593 poenis?
805 532 908 595 quis
935 545 1090 580 tantus
1115 535 1308 596 plangor
1332 532 1389 578 ad
1415 531 1596 578 auras?'
1845 544 1847 550 ⁴

288 613 390 646 tum
414 611 542 644 vates
569 597 634 644 sic
661 615 761 644 orsa
786 598 947 662 loqui:
985 600 1109 646 ‘dux
1135 600 1314 646 inclute
1340 599 1603 655 Teucrum,

287 665 409 711 nulli
436 664 504 710 fas
530 677 659 710 casto
684 665 962 711 sceleratum
989 666 1198 712 insistere
1226 664 1403 721 limen3

286 731 367 778 sed
393 747 467 777 me
493 747 604 777 cum
631 730 747 777 lucis
775 731 960 778 Hecate
985 732 1213 795 praefecit
1238 732 1451 789 Avernis,

287 798 386 858 ipsa
411 797 554 843 deum
577 813 752 859 poenas
779 797 960 855 docuit,
986 815 1162 861 perque
1189 797 1348 844 omnia
1373 797 1525 844 duxit.

288 863 499 910 Gnosius
524 865 640 910 haec
668 864 1060 911 Rhadamanthus
1087 865 1227 911 habet
1251 864 1498 910 durissima
1523 879 1678 924 regna,

287 930 576 992 castigatque
602 930 829 993 auditque
855 930 985 977 dolos
1011 931 1278 994 subigitque
1304 930 1455 986 fateri,

287 1013 408 1060 quae
429 996 531 1059 quis
558 996 683 1057 apud
707 1013 913 1058 superos,
939 997 1066 1044 furto
1094 998 1288 1044 laetatus
1313 996 1461 1055 inani,

287 1063 474 1110 distulit
498 1062 549 1108 in
576 1079 724 1108 seram
751 1063 1000 1109 commissa
1026 1063 1210 1125 piacula
1234 1076 1454 1110 mortem.

289 1129 522 1176 continuo
548 1142 702 1175 sontes
729 1128 874 1175 ultrix
902 1129 1117 1176 accincta
1142 1130 1327 1191 flagello
1660 1152 1722 1183 570

290 1196 560 1258 Tisiphone
586 1195 739 1258 quatit
765 1195 1012 1254 insultans,
1042 1209 1290 1260 torvosque
1316 1196 1499 1242 sinistra

290 1276 532 1309 intentans
560 1279 733 1322 angues
760 1274 898 1308 vocat
926 1279 1113 1322 agmina
1139 1279 1271 1310 saeva
1298 1279 1525 1309 sororum.

291 1342 393 1375 tum
419 1329 612 1375 demum
638 1327 880 1374 horrisono
907 1328 1152 1375 stridentes
1179 1329 1368 1375 cardine
1394 1345 1543 1374 sacrae

291 1395 564 1457 panduntur
587 1408 765 1457 portae.
837 1395 1009 1452 cernis,
1036 1395 1247 1442 custodia
1271 1395 1421 1458 qualis

290 1461 526 1508 vestibulo
551 1461 738 1508 sedeat?
776 1461 917 1508 facies
946 1478 1067 1536 quae
1093 1461 1257 1507 limina
1282 1465 1464 1508 servet?

290 1528 636 1591 quinquaginta
661 1527 770 1574 atris
798 1528 1002 1575 inmanis
1029 1528 1235 1574 hiatibus
1263 1527 1431 1589 Hydra

293 1594 467 1641 saevior
493 1594 619 1641 intus
645 1595 790 1641 habet
817 1594 992 1642 sedem.
1066 1608 1168 1640 tum
1195 1594 1459 1641 Tartarus
1447 1610 1546 1656 ipse

292 1661 362 1708 bis
388 1674 516 1723 patet
542 1661 591 1706 in
618 1678 842 1723 praeceps
871 1674 1058 1707 tantum
1086 1660 1333 1724 tenditque
1359 1660 1444 1706 sub
1471 1660 1673 1716 umbraS,

292 1741 495 1790 quantus
522 1726 580 1773 ad
605 1727 867 1773 aetherium
896 1727 1011 1773 caeli
1038 1740 1277 1789 suspectus
1305 1727 1584 1788 Olympum.

292 1794 370 1840 hic
396 1810 542 1854 genus
568 1793 819 1855 antiquum
847 1793 1043 1851 Terrae,
1071 1792 1268 1839 Titania
1294 1793 1455 1854 pubes,
1665 1807 1727 1846 580

294 1860 495 1907 fulmine
522 1858 712 1917 deiecti,
741 1859 890 1906 fundo
917 1860 1174 1906 volvuntur
1199 1859 1248 1905 in
1276 1859 1400 1906 imo:

1847 995 1856 1016 η’
1851 962 1857 971 .
1840 787 1855 937 2⁸-m

293 1927 371 1973 hic
399 1939 446 1972 et
471 1926 666 1974 Alo'l'das
690 1926 920 1987 geminos,
948 1924 1158 1972 inmania
1184 1925 1281 1972 vidi

293 2010 504 2056 corpora,
531 1990 611 2055 qui
639 1992 857 2039 manibus
886 2009 1111 2054 magnum
1138 1991 1401 2039 rescindere
1427 1992 1610 2039 caelum

293 2059 508 2120 adgressi,
534 2057 807 2122 superisque
836 2059 1000 2105 Iovem
1026 2058 1278 2105 detrudere
1303 2059 1470 2120 regnis·

292 2126 390 2172 vidi
418 2139 466 2173 et
491 2126 704 2172 crudeles
730 2125 927 2172 dantem
957 2126 1203 2172 Salmonea
1226 2142 1415 2189 poenas,

293 2193 409 2240 dum
436 2192 645 2239 flammas
672 2191 796 2238 Iovis
825 2205 872 2239 et
900 2191 1078 2239 sonitus
1104 2192 1317 2240 imitatur
1343 2191 1557 2254 Olympi.

294 2272 517 2323 quattuor
541 2258 619 2305 hic
647 2259 863 2305 invectus
894 2259 1025 2322 equis
1054 2272 1100 2305 et
1126 2259 1339 2321 lampada
1364 2273 1580 2320 quassans

295 2343 377 2388 per
403 2325 604 2372 Graium
629 2325 828 2387 populos
857 2325 1137 2388 mediaeque
1161 2341 1246 2388 per
1271 2324 1419 2370 Elidis
1446 2323 1610 2370 urbem

296 2392 394 2438 ibat
419 2408 579 2448 ovans,
603 2391 863 2454 divomque
890 2391 977 2438 sibi
1003 2391 1225 2453 poscebat
1249 2393 1494 2446 honorem,

296 2459 510 2515 demens,
534 2457 616 2520 qui
644 2457 830 2503 nimbos
860 2471 906 2504 et
933 2474 1029 2503 non
1056 2456 1291 2503 imitabile
1317 2457 1500 2502 fulmen
1667 2479 1731 2511 590

297 2541 403 2572 aere
430 2537 477 2571 et
503 2523 816 2587 cornipedum
841 2524 982 2586 pulsu
1009 2522 1250 2569 simularet
1276 2539 1519 2586 equorum.

300 2604 345 2637 at
373 2591 513 2637 Pater
538 2590 844 2653 omnipotens
869 2589 1013 2636 densa
1039 2588 1162 2636 inter
1188 2589 1352 2635 nubila
1379 2589 1529 2636 telum

301 2657 545 2713 contorsit,
574 2673 670 2703 non
696 2656 780 2703 ille
807 2656 947 2711 faces,
976 2672 1063 2702 nec
1090 2655 1250 2701 fumea
1275 2655 1422 2702 taedis

401 2743 475 2784 559
503 2733 731 2783 strepituque
762 2762 771 2771 .
797 2761 806 2771 .
833 2761 841 2771 .
866 2731 999 2771 haesit.
1059 2731 1130 2781 561
1163 2745 1280 2771 aures.
1341 2742 1411 2782 591
1445 2743 1569 2770 cursu.

1474 2800 1501 2821 a
