<?xml version="1.0" encoding="UTF-8"?>
<!DOCTYPE html PUBLIC "-//W3C//DTD XHTML 1.0 Transitional//EN"
    "http://www.w3.org/TR/xhtml1/DTD/xhtml1-transitional.dtd">
<html xmlns="http://www.w3.org/1999/xhtml" xml:lang="en" lang="en">
 <head>
  <title>
</title>
<meta http-equiv="Content-Type" content="text/html;charset=utf-8" />
  <meta name='ocr-system' content='tesseract 3.04.00' />
  <meta name='ocr-capabilities' content='ocr_page ocr_carea ocr_par ocr_line ocrx_word'/>
</head>
<body>
  <div class='ocr_page' id='page_1' title='image "./operabucolicageo00virguoft_0130.png"; bbox 0 0 1861 3256; ppageno 0'>
   <div class='ocr_carea' id='block_1_1' title="bbox 291 246 1328 289">
    <p class='ocr_par' dir='ltr' id='par_1_1' title="bbox 291 246 1328 289">
     <span class='ocr_line' id='line_1_1' title="bbox 291 246 1328 289; baseline -0.004 0"><span class='ocrx_word' id='word_1_1' title='bbox 291 262 363 289; x_wconf 87' lang='lat'>102</span> <span class='ocrx_word' id='word_1_2' title='bbox 736 248 779 285; x_wconf 89' lang='lat' dir='ltr'>P.</span> <span class='ocrx_word' id='word_1_3' title='bbox 808 246 1042 285; x_wconf 88' lang='lat' dir='ltr'>VERGILI</span> <span class='ocrx_word' id='word_1_4' title='bbox 1071 247 1328 286; x_wconf 93' lang='lat' dir='ltr'>MARONIS</span> 
     </span>
    </p>
   </div>
   <div class='ocr_carea' id='block_1_2' title="bbox 313 352 1788 2742">
    <p class='ocr_par' dir='ltr' id='par_1_2' title="bbox 355 352 1781 1279">
     <span class='ocr_line' id='line_1_2' title="bbox 356 352 1712 416; baseline 0.001 -17"><span class='ocrx_word' id='word_1_5' title='bbox 356 353 592 400; x_wconf 89' lang='lat' dir='ltr'>arboribus</span> <span class='ocrx_word' id='word_1_6' title='bbox 619 354 822 399; x_wconf 88' lang='lat' dir='ltr'>clausam</span> <span class='ocrx_word' id='word_1_7' title='bbox 848 352 1027 400; x_wconf 91' lang='lat' dir='ltr'>circum</span> <span class='ocrx_word' id='word_1_8' title='bbox 1053 367 1190 416; x_wconf 89' lang='lat' dir='ltr'>atque</span> <span class='ocrx_word' id='word_1_9' title='bbox 1215 353 1512 400; x_wconf 85' lang='lat' dir='ltr'>horrentibus</span> <span class='ocrx_word' id='word_1_10' title='bbox 1537 354 1712 402; x_wconf 89' lang='lat' dir='ltr'>umbris</span> 
     </span>
     <span class='ocr_line' id='line_1_3' title="bbox 355 419 1545 480; baseline 0.001 -14"><span class='ocrx_word' id='word_1_11' title='bbox 355 420 531 466; x_wconf 88' lang='lat' dir='ltr'>occulit</span> <span class='ocrx_word' id='word_1_12' title='bbox 552 439 567 473; x_wconf 93' lang='lat'>;</span> <span class='ocrx_word' id='word_1_13' title='bbox 603 419 698 480; x_wconf 90' lang='lat' dir='ltr'>ipse</span> <span class='ocrx_word' id='word_1_14' title='bbox 725 435 820 464; x_wconf 93' lang='lat' dir='ltr'>uno</span> <span class='ocrx_word' id='word_1_15' title='bbox 844 419 1048 478; x_wconf 90' lang='lat' dir='ltr'>graditur</span> <span class='ocrx_word' id='word_1_16' title='bbox 1074 420 1319 467; x_wconf 87' lang='lat' dir='ltr'>comitatus</span> <span class='ocrx_word' id='word_1_17' title='bbox 1345 421 1545 476; x_wconf 87' lang='lat' dir='ltr'>Achate,</span> 
     </span>
     <span class='ocr_line' id='line_1_4' title="bbox 355 485 1344 546; baseline 0 -13"><span class='ocrx_word' id='word_1_18' title='bbox 355 486 465 533; x_wconf 91' lang='lat' dir='ltr'>bina</span> <span class='ocrx_word' id='word_1_19' title='bbox 489 502 629 531; x_wconf 90' lang='lat' dir='ltr'>manu</span> <span class='ocrx_word' id='word_1_20' title='bbox 657 485 750 530; x_wconf 90' lang='lat' dir='ltr'>lato</span> <span class='ocrx_word' id='word_1_21' title='bbox 775 485 976 546; x_wconf 87' lang='lat' dir='ltr'>crispans</span> <span class='ocrx_word' id='word_1_22' title='bbox 1000 487 1183 533; x_wconf 89' lang='lat' dir='ltr'>hastilia</span> <span class='ocrx_word' id='word_1_23' title='bbox 1207 487 1344 533; x_wconf 81' lang='lat' dir='ltr'>ferro,</span> 
     </span>
     <span class='ocr_line' id='line_1_5' title="bbox 356 551 1344 607; baseline -0.001 -8"><span class='ocrx_word' id='word_1_24' title='bbox 356 553 431 599; x_wconf 90' lang='lat' dir='ltr'>cui</span> <span class='ocrx_word' id='word_1_25' title='bbox 457 565 603 597; x_wconf 90' lang='lat' dir='ltr'>mater</span> <span class='ocrx_word' id='word_1_26' title='bbox 627 551 781 597; x_wconf 89' lang='lat' dir='ltr'>media</span> <span class='ocrx_word' id='word_1_27' title='bbox 805 568 898 598; x_wconf 88' lang='lat' dir='ltr'>sese</span> <span class='ocrx_word' id='word_1_28' title='bbox 925 552 1033 600; x_wconf 92' lang='lat' dir='ltr'>tulit</span> <span class='ocrx_word' id='word_1_29' title='bbox 1058 553 1194 599; x_wconf 91' lang='lat' dir='ltr'>obvia</span> <span class='ocrx_word' id='word_1_30' title='bbox 1217 553 1344 607; x_wconf 89' lang='lat' dir='ltr'>silva,</span> 
     </span>
     <span class='ocr_line' id='line_1_6' title="bbox 355 617 1595 682; baseline 0 -18"><span class='ocrx_word' id='word_1_31' title='bbox 355 617 546 678; x_wconf 88' lang='lat' dir='ltr'>virginis</span> <span class='ocrx_word' id='word_1_32' title='bbox 571 635 617 662; x_wconf 93' lang='lat' dir='ltr'>os</span> <span class='ocrx_word' id='word_1_33' title='bbox 644 617 951 682; x_wconf 90' lang='lat' dir='ltr'>habitumque</span> <span class='ocrx_word' id='word_1_34' title='bbox 976 636 1142 680; x_wconf 89' lang='lat' dir='ltr'>gerens</span> <span class='ocrx_word' id='word_1_35' title='bbox 1169 633 1213 666; x_wconf 89' lang='lat' dir='ltr'>et</span> <span class='ocrx_word' id='word_1_36' title='bbox 1238 617 1427 680; x_wconf 90' lang='lat' dir='ltr'>virginis</span> <span class='ocrx_word' id='word_1_37' title='bbox 1454 634 1595 675; x_wconf 90' lang='lat' dir='ltr'>arma,</span> 
     </span>
     <span class='ocr_line' id='line_1_7' title="bbox 358 684 1497 749; baseline 0 -19"><span class='ocrx_word' id='word_1_38' title='bbox 358 686 620 745; x_wconf 86' lang='lat' dir='ltr'>Spartanae,</span> <span class='ocrx_word' id='word_1_39' title='bbox 648 684 722 729; x_wconf 92' lang='lat' dir='ltr'>vel</span> <span class='ocrx_word' id='word_1_40' title='bbox 749 685 897 747; x_wconf 92' lang='lat' dir='ltr'>qualis</span> <span class='ocrx_word' id='word_1_41' title='bbox 922 702 1062 749; x_wconf 90' lang='lat' dir='ltr'>equos</span> <span class='ocrx_word' id='word_1_42' title='bbox 1090 685 1311 732; x_wconf 88' lang='lat' dir='ltr'>Threissa</span> <span class='ocrx_word' id='word_1_43' title='bbox 1336 684 1497 745; x_wconf 87' lang='lat' dir='ltr'>fatigat</span> 
     </span>
     <span class='ocr_line' id='line_1_8' title="bbox 356 750 1711 815; baseline 0.002 -20"><span class='ocrx_word' id='word_1_44' title='bbox 356 751 623 811; x_wconf 87' lang='lat' dir='ltr'>Harpalyce</span> <span class='ocrx_word' id='word_1_45' title='bbox 650 750 983 815; x_wconf 89' lang='lat' dir='ltr'>volucremque</span> <span class='ocrx_word' id='word_1_46' title='bbox 1009 752 1117 812; x_wconf 89' lang='lat' dir='ltr'>fuga</span> <span class='ocrx_word' id='word_1_47' title='bbox 1141 750 1449 814; x_wconf 87' lang='lat' dir='ltr'>praevertitur</span> <span class='ocrx_word' id='word_1_48' title='bbox 1476 751 1711 798; x_wconf 87' lang='lat' dir='ltr'>Hebrum.</span> 
     </span>
     <span class='ocr_line' id='line_1_9' title="bbox 355 816 1734 880; baseline 0.001 -18"><span class='ocrx_word' id='word_1_49' title='bbox 355 833 558 879; x_wconf 91' lang='lat' dir='ltr'>namque</span> <span class='ocrx_word' id='word_1_50' title='bbox 585 816 754 862; x_wconf 86' lang='lat' dir='ltr'>umeris</span> <span class='ocrx_word' id='word_1_51' title='bbox 780 817 837 863; x_wconf 89' lang='lat' dir='ltr'>de</span> <span class='ocrx_word' id='word_1_52' title='bbox 863 834 990 864; x_wconf 91' lang='lat' dir='ltr'>more</span> <span class='ocrx_word' id='word_1_53' title='bbox 1016 818 1222 864; x_wconf 90' lang='lat' dir='ltr'>habilem</span> <span class='ocrx_word' id='word_1_54' title='bbox 1249 817 1548 880; x_wconf 86' lang='lat' dir='ltr'>suspenderat</span> <span class='ocrx_word' id='word_1_55' title='bbox 1574 834 1734 864; x_wconf 89' lang='lat' dir='ltr'>arcum</span> 
     </span>
     <span class='ocr_line' id='line_1_10' title="bbox 355 882 1584 947; baseline 0.002 -19"><span class='ocrx_word' id='word_1_56' title='bbox 355 882 584 939; x_wconf 81' lang='lat' dir='ltr'>venatrix,</span> <span class='ocrx_word' id='word_1_57' title='bbox 608 883 891 947; x_wconf 89' lang='lat' dir='ltr'>dederatque</span> <span class='ocrx_word' id='word_1_58' title='bbox 918 901 1101 931; x_wconf 92' lang='lat' dir='ltr'>comam</span> <span class='ocrx_word' id='word_1_59' title='bbox 1127 884 1390 931; x_wconf 89' lang='lat' dir='ltr'>diffundere</span> <span class='ocrx_word' id='word_1_60' title='bbox 1416 883 1584 939; x_wconf 90' lang='lat' dir='ltr'>ventis,</span> 
     </span>
     <span class='ocr_line' id='line_1_11' title="bbox 355 949 1781 1014; baseline 0 -19"><span class='ocrx_word' id='word_1_61' title='bbox 355 949 480 995; x_wconf 91' lang='lat' dir='ltr'>nuda</span> <span class='ocrx_word' id='word_1_62' title='bbox 504 966 627 1009; x_wconf 88' lang='lat' dir='ltr'>genu</span> <span class='ocrx_word' id='word_1_63' title='bbox 654 949 871 1014; x_wconf 91' lang='lat' dir='ltr'>nodoque</span> <span class='ocrx_word' id='word_1_64' title='bbox 898 951 1023 997; x_wconf 88' lang='lat' dir='ltr'>sinus</span> <span class='ocrx_word' id='word_1_65' title='bbox 1050 951 1251 998; x_wconf 91' lang='lat' dir='ltr'>collecta</span> <span class='ocrx_word' id='word_1_66' title='bbox 1275 950 1488 998; x_wconf 79' lang='lat' dir='ltr'>fluentes,</span> <span class='ocrx_word' id='word_1_67' title='bbox 1720 974 1781 1004; x_wconf 84' lang='lat'>320</span> 
     </span>
     <span class='ocr_line' id='line_1_12' title="bbox 355 1015 1746 1079; baseline 0.001 -17"><span class='ocrx_word' id='word_1_68' title='bbox 355 1033 406 1062; x_wconf 90' lang='lat' dir='ltr'>ac</span> <span class='ocrx_word' id='word_1_69' title='bbox 434 1015 556 1077; x_wconf 90' lang='lat' dir='ltr'>prior</span> <span class='ocrx_word' id='word_1_70' title='bbox 584 1016 754 1072; x_wconf 91' lang='lat' dir='ltr'>‘heus‚&#39;</span> <span class='ocrx_word' id='word_1_71' title='bbox 779 1016 950 1079; x_wconf 90' lang='lat' dir='ltr'>inquit,</span> <span class='ocrx_word' id='word_1_72' title='bbox 975 1022 989 1042; x_wconf 88' lang='lat'>‘</span> <span class='ocrx_word' id='word_1_73' title='bbox 1005 1017 1215 1074; x_wconf 91' lang='lat' dir='ltr'>iuvenes,</span> <span class='ocrx_word' id='word_1_74' title='bbox 1240 1030 1510 1073; x_wconf 87' lang='lat' dir='ltr'>monstrate,</span> <span class='ocrx_word' id='word_1_75' title='bbox 1535 1033 1746 1064; x_wconf 90' lang='lat' dir='ltr'>mearum</span> 
     </span>
     <span class='ocr_line' id='line_1_13' title="bbox 355 1081 1512 1145; baseline 0.002 -17"><span class='ocrx_word' id='word_1_76' title='bbox 355 1082 529 1128; x_wconf 88' lang='lat' dir='ltr'>vidistis</span> <span class='ocrx_word' id='word_1_77' title='bbox 555 1081 589 1128; x_wconf 92' lang='lat' dir='ltr'>si</span> <span class='ocrx_word' id='word_1_78' title='bbox 617 1099 756 1145; x_wconf 84' lang='lat' dir='ltr'>quam</span> <span class='ocrx_word' id='word_1_79' title='bbox 782 1082 858 1129; x_wconf 88' lang='lat' dir='ltr'>hic</span> <span class='ocrx_word' id='word_1_80' title='bbox 886 1097 1116 1131; x_wconf 88' lang='lat' dir='ltr'>errantem</span> <span class='ocrx_word' id='word_1_81' title='bbox 1143 1085 1260 1130; x_wconf 88' lang='lat' dir='ltr'>forte</span> <span class='ocrx_word' id='word_1_82' title='bbox 1286 1101 1512 1141; x_wconf 90' lang='lat' dir='ltr'>sororum,</span> 
     </span>
     <span class='ocr_line' id='line_1_14' title="bbox 356 1148 1676 1212; baseline 0 -17"><span class='ocrx_word' id='word_1_83' title='bbox 356 1148 648 1196; x_wconf 89' lang='lat' dir='ltr'>succinctam</span> <span class='ocrx_word' id='word_1_84' title='bbox 674 1150 888 1210; x_wconf 86' lang='lat' dir='ltr'>pharetra</span> <span class='ocrx_word' id='word_1_85' title='bbox 913 1163 959 1197; x_wconf 94' lang='lat' dir='ltr'>et</span> <span class='ocrx_word' id='word_1_86' title='bbox 984 1151 1246 1197; x_wconf 86' lang='lat' dir='ltr'>maculosae</span> <span class='ocrx_word' id='word_1_87' title='bbox 1272 1150 1481 1212; x_wconf 90' lang='lat' dir='ltr'>tegmine</span> <span class='ocrx_word' id='word_1_88' title='bbox 1507 1148 1676 1211; x_wconf 89' lang='lat' dir='ltr'>lyncis,</span> 
     </span>
     <span class='ocr_line' id='line_1_15' title="bbox 357 1215 1630 1279; baseline 0 -17"><span class='ocrx_word' id='word_1_89' title='bbox 357 1230 434 1262; x_wconf 90' lang='lat' dir='ltr'>aut</span> <span class='ocrx_word' id='word_1_90' title='bbox 459 1215 716 1278; x_wconf 89' lang='lat' dir='ltr'>spumantis</span> <span class='ocrx_word' id='word_1_91' title='bbox 743 1215 839 1277; x_wconf 94' lang='lat' dir='ltr'>apri</span> <span class='ocrx_word' id='word_1_92' title='bbox 866 1232 1054 1263; x_wconf 91' lang='lat' dir='ltr'>cursum</span> <span class='ocrx_word' id='word_1_93' title='bbox 1080 1218 1281 1263; x_wconf 90' lang='lat' dir='ltr'>clamore</span> <span class='ocrx_word' id='word_1_94' title='bbox 1307 1215 1630 1279; x_wconf 90' lang='lat' dir='ltr'>prementem.&#39;</span> 
     </span>
    </p>

    <p class='ocr_par' dir='ltr' id='par_1_3' title="bbox 423 1282 1600 1338">
     <span class='ocr_line' id='line_1_16' title="bbox 423 1282 1600 1338; baseline 0.003 -11"><span class='ocrx_word' id='word_1_95' title='bbox 423 1282 485 1328; x_wconf 90' lang='lat' dir='ltr'>sic</span> <span class='ocrx_word' id='word_1_96' title='bbox 513 1282 693 1338; x_wconf 78' lang='lat' dir='ltr'>VenUS,</span> <span class='ocrx_word' id='word_1_97' title='bbox 719 1296 765 1328; x_wconf 89' lang='lat' dir='ltr'>et</span> <span class='ocrx_word' id='word_1_98' title='bbox 790 1282 990 1328; x_wconf 89' lang='lat' dir='ltr'>Veneris</span> <span class='ocrx_word' id='word_1_99' title='bbox 1016 1296 1178 1329; x_wconf 91' lang='lat' dir='ltr'>contra</span> <span class='ocrx_word' id='word_1_100' title='bbox 1202 1283 1264 1329; x_wconf 89' lang='lat' dir='ltr'>sic</span> <span class='ocrx_word' id='word_1_101' title='bbox 1293 1284 1414 1329; x_wconf 87' lang='lat' dir='ltr'>filius</span> <span class='ocrx_word' id='word_1_102' title='bbox 1438 1300 1566 1330; x_wconf 87' lang='lat' dir='ltr'>orsus</span> <span class='ocrx_word' id='word_1_103' title='bbox 1589 1301 1600 1330; x_wconf 75' lang='grc' dir='ltr'>ι</span> 
     </span>
    </p>

    <p class='ocr_par' dir='ltr' id='par_1_4' title="bbox 313 1348 1781 1528">
     <span class='ocr_line' id='line_1_17' title="bbox 313 1348 1562 1412; baseline 0.001 -18"><span class='ocrx_word' id='word_1_104' title='bbox 313 1355 326 1374; x_wconf 94' lang='lat'>‘</span> <span class='ocrx_word' id='word_1_105' title='bbox 351 1350 482 1394; x_wconf 92' lang='lat' dir='ltr'>nulla</span> <span class='ocrx_word' id='word_1_106' title='bbox 508 1362 693 1395; x_wconf 90' lang='lat' dir='ltr'>tuarum</span> <span class='ocrx_word' id='word_1_107' title='bbox 719 1348 873 1394; x_wconf 89' lang='lat' dir='ltr'>audita</span> <span class='ocrx_word' id='word_1_108' title='bbox 898 1349 1014 1395; x_wconf 91' lang='lat' dir='ltr'>mihi</span> <span class='ocrx_word' id='word_1_109' title='bbox 1041 1366 1194 1412; x_wconf 88' lang='lat' dir='ltr'>neque</span> <span class='ocrx_word' id='word_1_110' title='bbox 1220 1350 1315 1395; x_wconf 89' lang='lat' dir='ltr'>visa</span> <span class='ocrx_word' id='word_1_111' title='bbox 1340 1366 1562 1404; x_wconf 90' lang='lat' dir='ltr'>sororum,</span> 
     </span>
     <span class='ocr_line' id='line_1_18' title="bbox 357 1413 1781 1479; baseline -0.001 -18"><span class='ocrx_word' id='word_1_112' title='bbox 357 1433 593 1479; x_wconf 89' lang='lat' dir='ltr'>o—quam</span> <span class='ocrx_word' id='word_1_113' title='bbox 642 1428 686 1461; x_wconf 91' lang='lat' dir='ltr'>te</span> <span class='ocrx_word' id='word_1_114' title='bbox 734 1432 1008 1471; x_wconf 90' lang='lat' dir='ltr'>memorem,</span> <span class='ocrx_word' id='word_1_115' title='bbox 1058 1416 1222 1476; x_wconf 86' lang='lat' dir='ltr'>virgo?</span> <span class='ocrx_word' id='word_1_116' title='bbox 1264 1432 1467 1479; x_wconf 90' lang='lat' dir='ltr'>namque</span> <span class='ocrx_word' id='word_1_117' title='bbox 1525 1415 1648 1461; x_wconf 90' lang='lat' dir='ltr'>haud</span> <span class='ocrx_word' id='word_1_118' title='bbox 1698 1413 1781 1462; x_wconf 92' lang='lat' dir='ltr'>tibi</span> 
     </span>
     <span class='ocr_line' id='line_1_19' title="bbox 490 1483 645 1528; baseline -0.006 0"><span class='ocrx_word' id='word_1_119' title='bbox 490 1483 645 1528; x_wconf 87' lang='lat' dir='ltr'>vultus</span> 
     </span>
    </p>

    <p class='ocr_par' dir='ltr' id='par_1_5' title="bbox 356 1548 1786 1994">
     <span class='ocr_line' id='line_1_20' title="bbox 356 1548 1688 1606; baseline 0.001 -12"><span class='ocrx_word' id='word_1_120' title='bbox 356 1549 582 1605; x_wconf 90' lang='lat' dir='ltr'>mortalis,</span> <span class='ocrx_word' id='word_1_121' title='bbox 609 1565 696 1594; x_wconf 89' lang='lat' dir='ltr'>nec</span> <span class='ocrx_word' id='word_1_122' title='bbox 724 1565 812 1594; x_wconf 89' lang='lat' dir='ltr'>vox</span> <span class='ocrx_word' id='word_1_123' title='bbox 839 1548 1084 1595; x_wconf 90' lang='lat' dir='ltr'>hominem</span> <span class='ocrx_word' id='word_1_124' title='bbox 1110 1562 1241 1596; x_wconf 90' lang='lat' dir='ltr'>sonat</span> <span class='ocrx_word' id='word_1_125' title='bbox 1263 1569 1277 1606; x_wconf 90' lang='lat'>;</span> <span class='ocrx_word' id='word_1_126' title='bbox 1313 1567 1341 1595; x_wconf 93' lang='lat' dir='ltr'>o</span> <span class='ocrx_word' id='word_1_127' title='bbox 1364 1549 1451 1595; x_wconf 89' lang='lat' dir='ltr'>dea</span> <span class='ocrx_word' id='word_1_128' title='bbox 1476 1562 1688 1606; x_wconf 87' lang='lat' dir='ltr'>certe,—</span> 
     </span>
     <span class='ocr_line' id='line_1_21' title="bbox 358 1615 1749 1678; baseline 0 -17"><span class='ocrx_word' id='word_1_129' title='bbox 358 1633 413 1661; x_wconf 91' lang='lat' dir='ltr'>an</span> <span class='ocrx_word' id='word_1_130' title='bbox 444 1615 622 1661; x_wconf 91' lang='lat' dir='ltr'>Phoebi</span> <span class='ocrx_word' id='word_1_131' title='bbox 651 1619 810 1662; x_wconf 86' lang='lat' dir='ltr'>soror?</span> <span class='ocrx_word' id='word_1_132' title='bbox 847 1633 904 1662; x_wconf 93' lang='lat' dir='ltr'>an</span> <span class='ocrx_word' id='word_1_133' title='bbox 933 1616 1268 1678; x_wconf 86' lang='lat' dir='ltr'>Nympharum</span> <span class='ocrx_word' id='word_1_134' title='bbox 1295 1615 1528 1675; x_wconf 88' lang='lat' dir='ltr'>sanguinis</span> <span class='ocrx_word' id='word_1_135' title='bbox 1554 1632 1647 1661; x_wconf 90' lang='lat' dir='ltr'>una</span> <span class='ocrx_word' id='word_1_136' title='bbox 1665 1619 1749 1661; x_wconf 87' lang='lat'>?—</span> 
     </span>
     <span class='ocr_line' id='line_1_22' title="bbox 357 1681 1786 1746; baseline -0.001 -19"><span class='ocrx_word' id='word_1_137' title='bbox 357 1682 413 1727; x_wconf 92' lang='lat' dir='ltr'>sis</span> <span class='ocrx_word' id='word_1_138' title='bbox 440 1681 572 1738; x_wconf 84' lang='lat' dir='ltr'>felix,</span> <span class='ocrx_word' id='word_1_139' title='bbox 598 1696 903 1746; x_wconf 89' lang='lat' dir='ltr'>nostrumque</span> <span class='ocrx_word' id='word_1_140' title='bbox 931 1683 1068 1739; x_wconf 91' lang='lat' dir='ltr'>leves,</span> <span class='ocrx_word' id='word_1_141' title='bbox 1097 1699 1437 1745; x_wconf 88' lang='lat' dir='ltr'>quaecumque,</span> <span class='ocrx_word' id='word_1_142' title='bbox 1464 1681 1687 1737; x_wconf 89' lang='lat' dir='ltr'>laborem,</span> <span class='ocrx_word' id='word_1_143' title='bbox 1723 1705 1786 1735; x_wconf 84' lang='lat'>330</span> 
     </span>
     <span class='ocr_line' id='line_1_23' title="bbox 358 1747 1567 1811; baseline -0.001 -17"><span class='ocrx_word' id='word_1_144' title='bbox 358 1761 420 1804; x_wconf 89' lang='lat' dir='ltr'>et,</span> <span class='ocrx_word' id='word_1_145' title='bbox 447 1765 539 1810; x_wconf 92' lang='lat' dir='ltr'>quo</span> <span class='ocrx_word' id='word_1_146' title='bbox 565 1748 649 1794; x_wconf 93' lang='lat' dir='ltr'>sub</span> <span class='ocrx_word' id='word_1_147' title='bbox 675 1749 803 1794; x_wconf 87' lang='lat' dir='ltr'>caelo</span> <span class='ocrx_word' id='word_1_148' title='bbox 830 1748 1037 1805; x_wconf 89' lang='lat' dir='ltr'>tandem,</span> <span class='ocrx_word' id='word_1_149' title='bbox 1064 1748 1233 1811; x_wconf 92' lang='lat' dir='ltr'>quibus</span> <span class='ocrx_word' id='word_1_150' title='bbox 1257 1748 1378 1794; x_wconf 90' lang='lat' dir='ltr'>orbis</span> <span class='ocrx_word' id='word_1_151' title='bbox 1404 1748 1452 1793; x_wconf 91' lang='lat' dir='ltr'>in</span> <span class='ocrx_word' id='word_1_152' title='bbox 1479 1747 1567 1793; x_wconf 92' lang='lat' dir='ltr'>oris</span> 
     </span>
     <span class='ocr_line' id='line_1_24' title="bbox 357 1813 1714 1877; baseline 0 -17"><span class='ocrx_word' id='word_1_153' title='bbox 357 1814 599 1870; x_wconf 89' lang='lat' dir='ltr'>iactemur,</span> <span class='ocrx_word' id='word_1_154' title='bbox 628 1814 791 1860; x_wconf 91' lang='lat' dir='ltr'>doceas</span> <span class='ocrx_word' id='word_1_155' title='bbox 813 1833 828 1868; x_wconf 89' lang='lat'>;</span> <span class='ocrx_word' id='word_1_156' title='bbox 864 1813 1009 1874; x_wconf 89' lang='lat' dir='ltr'>ignari</span> <span class='ocrx_word' id='word_1_157' title='bbox 1036 1815 1378 1877; x_wconf 90' lang='lat' dir='ltr'>hominumque</span> <span class='ocrx_word' id='word_1_158' title='bbox 1405 1815 1714 1877; x_wconf 88' lang='lat' dir='ltr'>locorumque</span> 
     </span>
     <span class='ocr_line' id='line_1_25' title="bbox 358 1880 1500 1937; baseline -0.001 -10"><span class='ocrx_word' id='word_1_159' title='bbox 358 1898 580 1937; x_wconf 89' lang='lat' dir='ltr'>erramus,</span> <span class='ocrx_word' id='word_1_160' title='bbox 606 1894 748 1927; x_wconf 89' lang='lat' dir='ltr'>vento</span> <span class='ocrx_word' id='word_1_161' title='bbox 772 1881 865 1926; x_wconf 92' lang='lat' dir='ltr'>huc</span> <span class='ocrx_word' id='word_1_162' title='bbox 893 1880 1027 1927; x_wconf 92' lang='lat' dir='ltr'>vastis</span> <span class='ocrx_word' id='word_1_163' title='bbox 1055 1895 1101 1927; x_wconf 90' lang='lat' dir='ltr'>et</span> <span class='ocrx_word' id='word_1_164' title='bbox 1126 1880 1347 1928; x_wconf 87' lang='lat' dir='ltr'>fluctibus</span> <span class='ocrx_word' id='word_1_165' title='bbox 1373 1880 1465 1926; x_wconf 90' lang='lat' dir='ltr'>acti</span> <span class='ocrx_word' id='word_1_166' title='bbox 1489 1899 1500 1927; x_wconf 70' lang='grc' dir='ltr'>ε</span> 
     </span>
     <span class='ocr_line' id='line_1_26' title="bbox 357 1945 1596 1994; baseline 0 0"><span class='ocrx_word' id='word_1_167' title='bbox 357 1949 506 1994; x_wconf 88' lang='lat' dir='ltr'>multa</span> <span class='ocrx_word' id='word_1_168' title='bbox 532 1947 615 1993; x_wconf 90' lang='lat' dir='ltr'>tibi</span> <span class='ocrx_word' id='word_1_169' title='bbox 642 1960 748 1993; x_wconf 87' lang='lat' dir='ltr'>ante</span> <span class='ocrx_word' id='word_1_170' title='bbox 774 1964 869 1992; x_wconf 89' lang='lat' dir='ltr'>aras</span> <span class='ocrx_word' id='word_1_171' title='bbox 895 1961 1048 1993; x_wconf 89' lang='lat' dir='ltr'>nostra</span> <span class='ocrx_word' id='word_1_172' title='bbox 1073 1948 1206 1994; x_wconf 87' lang='lat' dir='ltr'>cadet</span> <span class='ocrx_word' id='word_1_173' title='bbox 1231 1947 1380 1994; x_wconf 86' lang='lat' dir='ltr'>hostia</span> <span class='ocrx_word' id='word_1_174' title='bbox 1403 1945 1596 1994; x_wconf 62' lang='lat' dir='ltr'>dextra!</span> 
     </span>
    </p>

    <p class='ocr_par' dir='ltr' id='par_1_6' title="bbox 357 2013 1788 2742">
     <span class='ocr_line' id='line_1_27' title="bbox 427 2013 1785 2077; baseline 0.001 -18"><span class='ocrx_word' id='word_1_175' title='bbox 427 2028 527 2060; x_wconf 90' lang='lat' dir='ltr'>tum</span> <span class='ocrx_word' id='word_1_176' title='bbox 548 2014 712 2059; x_wconf 89' lang='lat' dir='ltr'>Venus</span> <span class='ocrx_word' id='word_1_177' title='bbox 736 2032 746 2060; x_wconf 93' lang='lat'><strong>:</strong></span> <span class='ocrx_word' id='word_1_178' title='bbox 783 2019 796 2038; x_wconf 94' lang='lat'>‘</span> <span class='ocrx_word' id='word_1_179' title='bbox 813 2014 939 2060; x_wconf 88' lang='lat' dir='ltr'>haud</span> <span class='ocrx_word' id='word_1_180' title='bbox 959 2014 1177 2077; x_wconf 89' lang='lat' dir='ltr'>equidem</span> <span class='ocrx_word' id='word_1_181' title='bbox 1199 2014 1277 2060; x_wconf 91' lang='lat' dir='ltr'>tali</span> <span class='ocrx_word' id='word_1_182' title='bbox 1300 2030 1374 2060; x_wconf 92' lang='lat' dir='ltr'>me</span> <span class='ocrx_word' id='word_1_183' title='bbox 1390 2013 1557 2074; x_wconf 88' lang='lat' dir='ltr'>dignor</span> <span class='ocrx_word' id='word_1_184' title='bbox 1572 2015 1748 2060; x_wconf 89' lang='lat' dir='ltr'>honore</span> <span class='ocrx_word' id='word_1_185' title='bbox 1771 2032 1785 2067; x_wconf 94' lang='lat'>;</span> 
     </span>
     <span class='ocr_line' id='line_1_28' title="bbox 358 2080 1523 2142; baseline 0 -16"><span class='ocrx_word' id='word_1_186' title='bbox 358 2080 613 2141; x_wconf 88' lang='lat' dir='ltr'>virginibus</span> <span class='ocrx_word' id='word_1_187' title='bbox 640 2080 800 2141; x_wconf 87' lang='lat' dir='ltr'>Tyriis</span> <span class='ocrx_word' id='word_1_188' title='bbox 826 2097 924 2126; x_wconf 93' lang='lat' dir='ltr'>mos</span> <span class='ocrx_word' id='word_1_189' title='bbox 951 2095 1018 2126; x_wconf 91' lang='lat' dir='ltr'>est</span> <span class='ocrx_word' id='word_1_190' title='bbox 1044 2094 1218 2141; x_wconf 90' lang='lat' dir='ltr'>gestare</span> <span class='ocrx_word' id='word_1_191' title='bbox 1243 2082 1523 2142; x_wconf 90' lang='lat' dir='ltr'>pharetram,</span> 
     </span>
     <span class='ocr_line' id='line_1_29' title="bbox 357 2147 1429 2210; baseline 0 -17"><span class='ocrx_word' id='word_1_192' title='bbox 357 2164 686 2210; x_wconf 87' lang='lat' dir='ltr'>purpureoque</span> <span class='ocrx_word' id='word_1_193' title='bbox 712 2148 804 2193; x_wconf 89' lang='lat' dir='ltr'>alte</span> <span class='ocrx_word' id='word_1_194' title='bbox 832 2164 952 2193; x_wconf 91' lang='lat' dir='ltr'>suras</span> <span class='ocrx_word' id='word_1_195' title='bbox 978 2147 1156 2193; x_wconf 89' lang='lat' dir='ltr'>vincire</span> <span class='ocrx_word' id='word_1_196' title='bbox 1183 2148 1429 2194; x_wconf 89' lang='lat' dir='ltr'>cothurno.</span> 
     </span>
     <span class='ocr_line' id='line_1_30' title="bbox 362 2212 1622 2275; baseline -0.001 -16"><span class='ocrx_word' id='word_1_197' title='bbox 362 2214 540 2260; x_wconf 89' lang='lat' dir='ltr'>Punica</span> <span class='ocrx_word' id='word_1_198' title='bbox 564 2230 705 2274; x_wconf 88' lang='lat' dir='ltr'>regna</span> <span class='ocrx_word' id='word_1_199' title='bbox 728 2213 869 2269; x_wconf 84' lang='lat' dir='ltr'>vides,</span> <span class='ocrx_word' id='word_1_200' title='bbox 899 2213 1068 2275; x_wconf 89' lang='lat' dir='ltr'>Tyrios</span> <span class='ocrx_word' id='word_1_201' title='bbox 1096 2227 1140 2260; x_wconf 92' lang='lat' dir='ltr'>et</span> <span class='ocrx_word' id='word_1_202' title='bbox 1165 2213 1394 2274; x_wconf 87' lang='lat' dir='ltr'>Agenoris</span> <span class='ocrx_word' id='word_1_203' title='bbox 1420 2212 1585 2259; x_wconf 89' lang='lat' dir='ltr'>urbem</span> <span class='ocrx_word' id='word_1_204' title='bbox 1610 2233 1622 2267; x_wconf 92' lang='lat'>;</span> 
     </span>
     <span class='ocr_line' id='line_1_31' title="bbox 360 2280 1450 2341; baseline 0 -15"><span class='ocrx_word' id='word_1_205' title='bbox 360 2282 438 2326; x_wconf 90' lang='lat' dir='ltr'>sed</span> <span class='ocrx_word' id='word_1_206' title='bbox 464 2281 578 2326; x_wconf 86' lang='lat' dir='ltr'>fines</span> <span class='ocrx_word' id='word_1_207' title='bbox 605 2280 789 2341; x_wconf 86' lang='lat' dir='ltr'>Libyci,</span> <span class='ocrx_word' id='word_1_208' title='bbox 817 2297 963 2341; x_wconf 89' lang='lat' dir='ltr'>genus</span> <span class='ocrx_word' id='word_1_209' title='bbox 989 2280 1282 2326; x_wconf 89' lang='lat' dir='ltr'>intractabile</span> <span class='ocrx_word' id='word_1_210' title='bbox 1308 2280 1450 2326; x_wconf 76' lang='lat' dir='ltr'>bello·</span> 
     </span>
     <span class='ocr_line' id='line_1_32' title="bbox 359 2346 1788 2408; baseline 0 -16"><span class='ocrx_word' id='word_1_211' title='bbox 359 2346 613 2408; x_wconf 89' lang='lat' dir='ltr'>imperium</span> <span class='ocrx_word' id='word_1_212' title='bbox 639 2347 766 2393; x_wconf 93' lang='lat' dir='ltr'>Dido</span> <span class='ocrx_word' id='word_1_213' title='bbox 793 2347 941 2408; x_wconf 87' lang='lat' dir='ltr'>Tyria</span> <span class='ocrx_word' id='word_1_214' title='bbox 965 2347 1082 2407; x_wconf 88' lang='lat' dir='ltr'>regit</span> <span class='ocrx_word' id='word_1_215' title='bbox 1109 2347 1221 2392; x_wconf 89' lang='lat' dir='ltr'>urbe</span> <span class='ocrx_word' id='word_1_216' title='bbox 1246 2346 1473 2408; x_wconf 89' lang='lat' dir='ltr'>profecta,</span> <span class='ocrx_word' id='word_1_217' title='bbox 1727 2369 1788 2400; x_wconf 85' lang='lat'>340</span> 
     </span>
     <span class='ocr_line' id='line_1_33' title="bbox 360 2411 1564 2474; baseline -0.002 -16"><span class='ocrx_word' id='word_1_218' title='bbox 360 2429 634 2472; x_wconf 90' lang='lat' dir='ltr'>germanum</span> <span class='ocrx_word' id='word_1_219' title='bbox 661 2413 862 2474; x_wconf 89' lang='lat' dir='ltr'>fugiens.</span> <span class='ocrx_word' id='word_1_220' title='bbox 934 2413 1072 2473; x_wconf 91' lang='lat' dir='ltr'>longa</span> <span class='ocrx_word' id='word_1_221' title='bbox 1097 2426 1163 2459; x_wconf 90' lang='lat' dir='ltr'>est</span> <span class='ocrx_word' id='word_1_222' title='bbox 1189 2411 1373 2468; x_wconf 89' lang='lat' dir='ltr'>iniuria,</span> <span class='ocrx_word' id='word_1_223' title='bbox 1398 2412 1564 2471; x_wconf 88' lang='lat' dir='ltr'>longae</span> 
     </span>
     <span class='ocr_line' id='line_1_34' title="bbox 362 2477 1513 2543; baseline -0.002 -18"><span class='ocrx_word' id='word_1_224' title='bbox 362 2479 573 2540; x_wconf 84' lang='lat' dir='ltr'>ambages</span> <span class='ocrx_word' id='word_1_225' title='bbox 596 2500 610 2536; x_wconf 81' lang='lat'><em>3</em></span> <span class='ocrx_word' id='word_1_226' title='bbox 646 2480 725 2526; x_wconf 86' lang='lat' dir='ltr'>sed</span> <span class='ocrx_word' id='word_1_227' title='bbox 751 2496 929 2526; x_wconf 90' lang='lat' dir='ltr'>summa</span> <span class='ocrx_word' id='word_1_228' title='bbox 953 2496 1116 2543; x_wconf 83' lang='lat' dir='ltr'>sequar</span> <span class='ocrx_word' id='word_1_229' title='bbox 1141 2477 1318 2539; x_wconf 88' lang='lat' dir='ltr'>fastigia</span> <span class='ocrx_word' id='word_1_230' title='bbox 1341 2494 1513 2524; x_wconf 90' lang='lat' dir='ltr'>rerum.</span> 
     </span>
     <span class='ocr_line' id='line_1_35' title="bbox 362 2544 1505 2607; baseline -0.001 -16"><span class='ocrx_word' id='word_1_231' title='bbox 362 2545 472 2592; x_wconf 91' lang='lat' dir='ltr'>huic</span> <span class='ocrx_word' id='word_1_232' title='bbox 499 2545 707 2593; x_wconf 86' lang='lat' dir='ltr'>coniunx</span> <span class='ocrx_word' id='word_1_233' title='bbox 737 2547 971 2607; x_wconf 83' lang='lat' dir='ltr'>Sychaeus</span> <span class='ocrx_word' id='word_1_234' title='bbox 997 2559 1110 2602; x_wconf 91' lang='lat' dir='ltr'>erat,</span> <span class='ocrx_word' id='word_1_235' title='bbox 1135 2545 1386 2591; x_wconf 90' lang='lat' dir='ltr'>ditissimus</span> <span class='ocrx_word' id='word_1_236' title='bbox 1412 2544 1505 2604; x_wconf 86' lang='lat' dir='ltr'>agri</span> 
     </span>
     <span class='ocr_line' id='line_1_36' title="bbox 365 2611 1587 2673; baseline -0.002 -14"><span class='ocrx_word' id='word_1_237' title='bbox 365 2612 677 2670; x_wconf 92' lang='lat' dir='ltr'>Phoenicum,</span> <span class='ocrx_word' id='word_1_238' title='bbox 704 2626 749 2659; x_wconf 91' lang='lat' dir='ltr'>et</span> <span class='ocrx_word' id='word_1_239' title='bbox 775 2629 943 2673; x_wconf 92' lang='lat' dir='ltr'>magno</span> <span class='ocrx_word' id='word_1_240' title='bbox 969 2611 1162 2658; x_wconf 84' lang='lat' dir='ltr'>miserae</span> <span class='ocrx_word' id='word_1_241' title='bbox 1188 2611 1386 2658; x_wconf 87' lang='lat' dir='ltr'>dilectus</span> <span class='ocrx_word' id='word_1_242' title='bbox 1413 2627 1587 2666; x_wconf 90' lang='lat' dir='ltr'>amore,</span> 
     </span>
     <span class='ocr_line' id='line_1_37' title="bbox 363 2677 1542 2742; baseline -0.002 -17"><span class='ocrx_word' id='word_1_243' title='bbox 363 2679 439 2725; x_wconf 91' lang='lat' dir='ltr'>cui</span> <span class='ocrx_word' id='word_1_244' title='bbox 464 2693 595 2742; x_wconf 91' lang='lat' dir='ltr'>pater</span> <span class='ocrx_word' id='word_1_245' title='bbox 619 2679 846 2726; x_wconf 91' lang='lat' dir='ltr'>intactam</span> <span class='ocrx_word' id='word_1_246' title='bbox 871 2679 1062 2726; x_wconf 87' lang='lat' dir='ltr'>dederat</span> <span class='ocrx_word' id='word_1_247' title='bbox 1087 2678 1340 2741; x_wconf 89' lang='lat' dir='ltr'>primisque</span> <span class='ocrx_word' id='word_1_248' title='bbox 1366 2677 1542 2738; x_wconf 88' lang='lat' dir='ltr'>iugarat</span> 
     </span>
    </p>
   </div>
   <div class='ocr_carea' id='block_1_3' title="bbox 902 2761 1189 2809">
    <p class='ocr_par' dir='ltr' id='par_1_7' title="bbox 902 2761 1189 2809">
     <span class='ocr_line' id='line_1_38' title="bbox 902 2761 1189 2809; baseline -0.003 -11"><span class='ocrx_word' id='word_1_249' title='bbox 902 2772 973 2809; x_wconf 83' lang='lat'>333</span> <span class='ocrx_word' id='word_1_250' title='bbox 1005 2767 1042 2798; x_wconf 85' lang='lat' dir='ltr'>et</span> <span class='ocrx_word' id='word_1_251' title='bbox 1064 2761 1189 2797; x_wconf 85' lang='lat' dir='ltr'>vastis.</span> 
     </span>
    </p>
   </div>
  </div>
 </body>
</html>
