1866 3208
293 249 370 288 262
741 252 785 289 P.
814 251 1048 289 VERGILI
1079 253 1336 291 MARONIS

361 369 462 404 tum
488 374 568 403 rex
595 357 846 403 Euandrus
874 358 1117 405 Romanae
1144 359 1367 406 conditor
1391 360 1508 406 arcis
1533 379 1543 407 ε
1843 355 1866 406 ’ἕὲ

325 429 339 448 ‘
359 425 472 470 haec
494 440 688 469 nemora
711 423 966 484 indigenae
987 426 1137 472 Fauni
1158 427 1514 489 Nymphaeque
1536 429 1782 487 tenebant,
1851 431 1859 452 ·’

357 506 565 551 gensque
591 489 744 536 virum
771 491 952 537 truncis
980 505 1025 538 et
1051 492 1170 538 duro
1194 493 1362 538 robore
1388 506 1515 550 nata,

358 556 461 618 quis
483 572 640 618 neque
661 573 760 603 mos
782 574 940 620 neque
966 559 1122 605 cultus
1144 573 1256 617 erat,
1278 575 1367 605 nec
1389 559 1586 620 iungere
1613 573 1782 619 tauros,

356 634 436 668 aut
461 639 751 685 componere
777 641 889 686 opes
916 639 1103 684 norant,
1131 639 1210 672 aut
1234 642 1426 688 parcere
1452 640 1607 688 parto,

357 688 439 734 sed
463 689 581 735 rami
609 702 751 753 atque
777 707 910 753 asper
934 692 1063 739 victu
1089 706 1288 738 venatus
1314 692 1486 739 alebat.

356 755 534 818 primus
562 756 619 802 ab
646 757 857 804 aetherio
882 758 1016 805 venit
1044 759 1272 805 Saturnus
1300 759 1528 821 Olympo,

355 839 482 868 arma
508 822 632 869 Iovis
660 823 847 884 fugiens
874 838 921 871 et
947 825 1099 886 regnis
1126 826 1257 872 exsul
1285 825 1534 888 ademptis.
1722 851 1783 882 320

355 887 391 934 is
416 905 562 949 genus
589 889 800 936 indocile
827 908 878 938 ac
906 891 1170 954 dispersum
1196 892 1438 938 montibus
1465 892 1570 938 altis

355 955 623 1017 composuit
648 956 871 1019 legesque
897 958 1030 1004 dedit
1055 959 1345 1022 Latiumque
1370 959 1527 1005 vocari

353 1022 537 1080 maluit,
564 1022 636 1068 his
663 1024 891 1085 quoniam
919 1025 1131 1071 latuisset
1157 1038 1285 1072 tutus
1311 1025 1360 1071 in
1387 1025 1494 1072 oris.

353 1105 506 1145 aurea,
534 1106 655 1151 quae
682 1090 955 1152 perhibent,
983 1091 1065 1137 illo
1091 1093 1175 1138 sub
1202 1109 1308 1153 rege
1335 1093 1532 1138 fuerunt

311 1162 318 1169 ”
352 1156 537 1202 saecula
562 1174 572 1202 ε
611 1156 675 1202 sic
703 1157 889 1218 placida
916 1158 1117 1220 populos
1141 1158 1190 1204 in
1216 1176 1332 1221 pace
1358 1160 1548 1220 regebat
1572 1179 1585 1216 ;

351 1222 559 1268 deterior
584 1223 738 1269 donec
765 1224 997 1285 paulatim
1023 1242 1075 1271 ac
1103 1225 1295 1271 decolor
1321 1240 1442 1272 aetas

352 1301 398 1334 et
423 1288 538 1334 belli
566 1289 714 1335 rabies
743 1304 789 1335 et
816 1308 946 1336 amor
972 1291 1194 1338 successit
1220 1292 1443 1339 habendi.

352 1368 452 1401 tum
479 1372 643 1402 manus
668 1357 880 1403 Ausonia
909 1370 955 1403 et
980 1371 1144 1418 gentes
1170 1375 1344 1404 venere
1374 1359 1588 1416 Sicanae,

351 1422 534 1484 saepius
561 1436 607 1469 et
635 1440 809 1470 nomen
838 1424 997 1499 posuit
1026 1424 1245 1471 Saturnia
1271 1426 1426 1471 tellus.

351 1501 452 1535 tum
479 1506 606 1550 reges
633 1507 863 1553 asperque
892 1491 1072 1537 inmani
1100 1508 1297 1566 corpore
1324 1491 1550 1553 Thybris,
1720 1516 1782 1548 330

351 1572 374 1600 a
399 1573 491 1617 quo
516 1569 622 1618 post
648 1557 758 1602 Itali
787 1557 989 1604 fluvium
1017 1558 1300 1619 cognomine
1329 1558 1569 1620 Thybrim

349 1621 591 1679 diximus:
628 1623 784 1670 amisit
810 1641 976 1670 verum
1003 1638 1136 1671 vetus
1161 1625 1335 1672 Albula
1362 1642 1554 1672 nomen.

349 1703 423 1733 me
449 1689 637 1750 pulsum
662 1704 744 1764 pat
731 1690 814 1736 ria
843 1691 1095 1753 pelagique
1124 1705 1333 1738 extrema
1364 1704 1644 1754 sequentem

349 1755 556 1801 Fortuna
581 1756 884 1819 omnipotens
915 1770 961 1803 et
988 1757 1299 1804 ineluctabile
1326 1758 1476 1804 fatum

348 1820 419 1866 his
444 1838 644 1883 posuere
671 1823 801 1880 locis,
831 1823 1085 1898 matrisque
1113 1841 1248 1884 egere
1276 1824 1522 1871 tremenda

350 1887 619 1934 Carmentis
647 1891 884 1951 nymphae
915 1890 1096 1936 monita
1123 1904 1169 1937 et
1194 1891 1309 1936 deus
1335 1904 1500 1937 auctor
1525 1890 1733 1953 Apollo?

347 1953 425 1999 vix
453 1970 504 1999 ea
531 1955 658 2001 dicta
682 1976 694 2011 3
732 1956 908 2002 dehinc
938 1974 1203 2018 progressus
1231 1970 1462 2003 monstrat
1489 1970 1536 2003 et
1562 1974 1689 2003 aram

348 2033 394 2065 et
422 2020 778 2068 Carmentalem
807 2023 1012 2069 Romani
1042 2023 1236 2069 nomine
1262 2037 1449 2086 portam

347 2103 487 2149 quam
530 2102 812 2146 memorant,
856 2091 1094 2152 nymphae
1132 2089 1342 2152 priscum
1381 2090 1653 2137 Carmentis
1691 2091 1777 2137 ho·-

484 2171 663 2212 norem,

345 2219 462 2265 vatis
490 2220 726 2279 fatidicae,
756 2223 934 2269 cecinit
965 2241 1084 2286 quae
1111 2223 1261 2286 prima
1288 2224 1472 2270 futuros
1716 2248 1778 2278 340

344 2285 593 2332 Aeneadas
621 2305 811 2363 magnos
842 2303 888 2336 et
917 2290 1080 2336 nobile
1110 2291 1426 2336 Pallanteum.

345 2351 458 2398 hinc
486 2353 648 2400 lucum
676 2355 939 2415 ingentem,
968 2373 1111 2418 quem
1139 2357 1372 2402 Romulus
1399 2372 1505 2402 acer
1530 2356 1733 2418 Asylum

345 2419 545 2476 rettulit,
574 2433 621 2465 et
646 2422 801 2480 gelida
829 2435 1058 2468 monstrat
1086 2422 1171 2467 sub
1197 2439 1312 2484 rupe
1340 2423 1592 2484 Lupercal,

348 2484 592 2532 Parrhasio
618 2487 800 2534 dictum
829 2488 980 2533 Panos
1007 2488 1065 2534 de
1091 2504 1221 2533 more
1248 2489 1440 2550 Lycaei.

346 2567 434 2597 nec
462 2569 558 2598 non
587 2566 633 2599 et
659 2554 773 2600 sacri
802 2567 1032 2600 monstrat
1060 2571 1225 2600 nemus
1250 2555 1467 2616 Argileti,

347 2630 638 2682 testaturque
666 2620 840 2678 locum,
871 2633 917 2666 et
943 2621 1093 2666 letum
1120 2621 1261 2667 docet
1287 2622 1484 2684 hospitis
1509 2621 1636 2683 Argi.

344 2684 458 2731 hinc
485 2686 542 2732 ad
569 2687 826 2749 Tarpeiam
854 2687 1013 2733 sedern
1042 2700 1088 2733 et
1115 2687 1356 2750 Capitolia
1380 2689 1529 2744 ducit,

870 2767 942 2817 338
975 2768 1166 2805 Romano.
