1866 3208
241 266 316 307 372
680 253 989 292 P.VERG1L1
1025 253 1282 291 MARONIS

272 369 286 390 ‘
304 363 480 418 Faune‚
498 379 680 425 precor,
697 360 950 418 misereress
968 360 1171 424 inquit‚‘
1189 374 1336 424 tuque
1356 360 1535 423 optima
1554 361 1730 409 ferrum

304 442 425 475 terra
452 442 575 484 tene,
604 427 728 474 colui
757 440 932 474 vestros
957 427 992 473 si
1020 444 1202 490 semper
1226 430 1440 486 honores,
1634 443 1637 446 ·

304 513 421 558 quos
445 508 609 541 contra
630 495 883 540 ‘Aeneadae
909 495 1037 540 bello
1062 495 1217 541 fecere
1242 493 1492 557 profanos?

302 562 442 617 dixit,
467 578 703 624 opemque
729 561 804 607 dei
832 578 928 607 non
954 578 1079 608 cassa
1104 561 1155 608 in
1180 575 1287 608 vota
1311 561 1512 608 vocavit.
1672 576 1732 617 780

302 644 507 690 namque
534 628 612 673 diu
641 628 825 674 luctans
852 629 1076 690 lentoque
1101 628 1150 674 in
1177 629 1321 690 stirpe
1347 640 1554 675 moratus

301 695 475 741 viribus
501 695 628 740 haud
644 693 762 740 'ullis
790 695 938 740 valuit
964 695 1226 741 discludere
1252 711 1432 740 morsus

303 761 478 807 roboris
505 762 705 808 Aeneas.
777 761 892 807 dum
919 761 1091 807 nititur
1115 779 1220 808 acer
1246 775 1291 807 et
1318 761 1476 818 instat,

301 845 456 874 rursus
483 828 532 873 in
561 828 746 888 aurigae
774 828 945 874 faciem
972 841 1152 874 mutata
1181 828 1374 874 Metisci

301 894 538 957 procurrit
563 895 791 957 fratrique
818 912 979 941 ensem
1005 895 1089 941 dea
1113 895 1302 941 Daunia
1325 895 1497 941 reddit.

302 961 428 1024 quod
455 962 621 1007 Venus
649 961 810 1007 audaci
838 962 1093 1023 Nymphae
1118 962 1359 1022 indignata
1385 961 1532 1008 licere

301 1028 511 1083 accessit,
541 1029 787 1090 telumque
813 1029 906 1074 alta
932 1028 988 1074 ab
1014 1028 1170 1074 radice
1194 1028 1395 1075 revellit.

301 1094 384 1141 olli
411 1095 652 1151 sublimes,
679 1095 815 1140 armis
843 1095 1105 1157 animisque
1130 1095 1314 1152 refecti,

301 1162 379 1208 hic
405 1162 559 1222 gladio
587 1161 749 1219 fidens,
776 1161 853 1208 hic
882 1179 990 1208 acer
1018 1174 1064 1208 et
1090 1162 1257 1208 arduus
1284 1163 1428 1218 hasta,

302 1228 531 1275 adsistunt
557 1243 721 1275 contra
749 1229 1009 1275 certamine
1038 1229 1205 1274 Martis
1231 1229 1403 1275 anheli.
1673 1252 1734 1283 790

368 1297 606 1342 Iunonem
632 1296 810 1342 interea
836 1312 916 1342 rex
942 1295 1282 1357 omnipotentis
1310 1296 1407 1357 Oly
1410 1295 1507 1357 mpi

301 1362 590 1425 adloquitur,
619 1363 750 1408 fulva
775 1380 952 1425 pugnas
977 1363 1035 1408 de
1062 1362 1187 1408 nube
1214 1375 1462 1409 tuentem:

268 1434 282 1455 ‘
301 1446 420 1492 quae
447 1429 538 1475 iam
568 1429 672 1475 finis
698 1429 801 1487 erit,
829 1429 1079 1475 coniunx?
1115 1429 1229 1491 quid
1254 1429 1462 1491 denique
1488 1432 1666 1475 restat?

299 1495 558 1556 indigetem
584 1497 783 1542 Aenean
812 1496 899 1542 scis
926 1496 1040 1558 ipsa,
1068 1508 1114 1542 et
1140 1496 1260 1542 scire
1288 1495 1463 1552 fateris,

300 1562 460 1608 deberi
489 1563 634 1620 caelo,
664 1563 865 1626 fatisque
892 1563 950 1609 ad
975 1563 1125 1609 sidera
1151 1563 1270 1609 tolli.

301 1629 415 1692 quid
441 1630 618 1676 struis?
655 1644 733 1677 aut
759 1647 850 1693 qua
877 1647 955 1692 spe
982 1629 1185 1691 gelidis
1174 1647 1223 1675 1n
1252 1629 1458 1676 nubibus
1483 1630 1682 1675 haeres?

299 1695 533 1742 mortalin’
559 1697 724 1743 decuit
749 1697 912 1742 violari
940 1698 1136 1742 vulnere
1161 1696 1352 1743 divum
1345 1701 1360 1732 Ρ

300 1776 378 1808 aut
405 1763 753 1826 ensem—quid
779 1764 908 1809 enim
935 1763 1036 1809 sine
1064 1776 1109 1809 te
1135 1765 1333 1809 Iuturna
1357 1763 1533 1809 valeret
1551 1766 1635 1808 ?—

301 1842 514 1891 ereptum
541 1829 672 1875 reddi
702 1830 874 1875 Turno
901 1843 947 1876 et
974 1829 1071 1875 vim
1098 1846 1303 1876 crescere
1329 1829 1504 1875 victis?

299 1895 461 1942 desine
487 1895 580 1942 iam
602 1896 812 1953 tandem,
832 1896 1147 1958 precibusque
1167 1895 1412 1942 inflectere
1433 1895 1598 1942 nostris
1622 1917 1635 1952 ;
1671 1909 1733 1941 800

301 1979 358 2008 ne
385 1976 429 2008 tc
458 1975 615 2009 tantus
644 1962 741 2008 edit
769 1962 959 2008 tacitam
987 1963 1135 2019 dolor,
1161 1975 1205 2008 et
1231 1962 1345 2008 mihi
1374 1979 1513 2008 curae

299 2046 435 2090 saepe
463 2042 545 2075 tuo
570 2029 699 2074 dulci
730 2029 882 2075 tristes
910 2045 966 2074 ex
993 2045 1070 2074 ore
1097 2041 1358 2075 recursent.

299 2109 498 2142 ventum
525 2096 580 2142 ad
608 2111 881 2158 supremum
910 2108 995 2142 est.
1067 2095 1198 2141 terris
1225 2096 1398 2156 agitare
1425 2096 1499 2142 vel
1528 2094 1666 2142 undis

300 2163 531 2209 Troianos
559 2163 769 2224 potuisti,
798 2162 1050 2208 infandum
1077 2163 1334 2209 accendere
1362 2163 1557 2219 bellum,

298 2229 559 2275 deformare
586 2229 794 2283 domum,
824 2242 869 2275 et
896 2229 1029 2276 luctu
1057 2229 1254 2276 miscere
1279 2231 1563 2291 hymenaeos
1587 2247 1596 2275 :

300 2296 498 2342 ulterius
526 2309 760 2358 temptare
787 2294 929 2342 veto.'
999 2296 1062 2342 sic
1091 2296 1307 2358 Iuppiter
1331 2312 1459 2341 orsus
1482 2315 1496 2351 ;

300 2362 365 2409 sic
392 2362 479 2408 dea
507 2362 736 2408 submisso
762 2376 927 2408 contra
956 2363 1175 2408 Saturnia
1198 2363 1332 2408 vultu
1358 2381 1369 2408 :

266 2434 280 2454 ‘
299 2429 386 2475 ista
413 2428 609 2491 quidem
637 2429 747 2491 quia
775 2442 886 2474 nota
911 2429 1029 2474 mihi
1058 2441 1155 2485 tua,
1180 2444 1366 2488 magne,
1391 2429 1627 2485 voluntas,

301 2496 531 2557 Iuppiter,
559 2508 605 2540 et
632 2495 859 2540 Turnum
888 2507 934 2540 et
962 2508 1098 2540 terras
1126 2495 1276 2541 invita
1300 2494 1469 2557 reliqui
1494 2515 1507 2550 ;

301 2579 388 2608 nec
415 2575 465 2608 tu
493 2578 570 2607 me
597 2561 718 2607 a'e'ria
745 2562 889 2607 solam
915 2578 1045 2608 nunc
1073 2562 1181 2608 sede
1208 2561 1386 2607 videres
1670 2575 1732 2608 810

300 2629 441 2689 digna
466 2628 661 2689 indigna
686 2628 800 2690 pati,
826 2627 905 2674 sed
929 2627 1128 2674 flammis
1155 2628 1314 2675 cincta
1339 2629 1425 2674 sub
1448 2628 1546 2690 ipsa

300 2709 470 2742 starem
497 2695 597 2741 acie
625 2696 954 2757 traheremque
981 2694 1176 2741 inimica
1202 2694 1250 2740 in
1278 2695 1456 2757 proelia
1482 2695 1712 2742 Teucros-

291 2772 367 2821 784
398 2785 586 2810 conversa.
681 2783 756 2819 790
788 2771 994 2808 certamina
1015 2770 1112 2809 codd.
1131 2781 1197 2822 opt.
1275 2771 1346 2809 801
1381 2772 1433 2818 ni,
1454 2785 1550 2821 nec3
1577 2772 1674 2810 edat.
