1866 3208
301 249 320 288 3
328 237 377 288 36
746 239 789 278 P.
819 237 1053 277 VERGILI
1084 239 1341 278 MARoNIS

364 343 636 407 auxilioque
663 344 798 390 urbes
825 345 970 390 Italae
995 345 1254 409 populique
1280 359 1527 407 supersunt
1549 366 1563 402 ;
1728 372 1790 402 420

364 410 433 457 sin
460 424 507 457 et
533 410 753 456 Troianis
782 427 892 457 cum
918 412 1071 458 multo
1095 412 1243 473 gloria
1268 412 1400 458 venit

362 476 585 537 sanguine
609 489 800 533 ;—sunt
826 476 920 522 illis
945 494 1024 524 sua
1049 479 1229 535 funera,
1253 495 1428 542 parque
1455 495 1538 542 per
1561 495 1722 526 omnes

361 556 767 605 tempestas—cur
793 543 1036 590 indecores
1061 545 1110 591 in
1138 545 1304 592 limine
1330 545 1485 607 primo

361 609 606 656 deficimus
627 613 643 654 ?
681 627 765 656 cur
791 624 898 657 ante
925 611 1086 658 tubam
1114 625 1286 659 tremor
1310 625 1512 674 occupat
1536 625 1659 659 artus
1679 616 1697 658 ?

361 676 510 722 multa
535 676 632 722 dies
659 676 868 739 variique
895 677 1024 723 labor
1049 679 1286 725 mutabilis
1311 677 1410 725 aevi

361 742 543 789 rettulit
568 742 616 788 in
643 743 843 800 melius3
881 744 1054 790 multos
1080 745 1256 791 alterna
1280 744 1484 791 revisens

361 809 471 856 lusit
497 822 543 855 et
568 809 617 855 in
643 810 792 856 solido
818 827 974 857 rursus
1000 811 1186 858 fortuna
1212 811 1398 858 locavit.

361 893 456 922 non
483 876 570 922 erit
596 876 772 922 auxilio
797 877 932 923 nobis
957 878 1152 924 Aetolus
1178 891 1224 924 et
1247 878 1362 941 Arpi
1384 897 1395 925 :

360 956 405 989 at
433 943 675 1004 Messapus
702 943 788 989 erit
815 943 1024 1007 felixque
1052 945 1341 992 Tolumnius
1367 957 1413 991 et
1438 962 1552 1008 quos

360 1022 427 1055 tot
451 1009 614 1071 populi
641 1009 807 1056 misere
834 1010 1008 1067 duces;
1045 1027 1133 1058 nec
1159 1029 1296 1074 parva
1322 1025 1541 1074 sequetur
1729 1037 1791 1066 430

359 1075 503 1136 gloria
528 1076 733 1122 delectos
761 1077 897 1122 Latio
924 1090 970 1123 et
995 1077 1308 1124 Laurentibus
1335 1079 1466 1138 agris.

360 1156 427 1188 est
453 1156 499 1189 et
524 1143 808 1189 Volscorum
837 1143 1020 1204 egregia
1044 1144 1101 1190 de
1125 1158 1264 1205 gente
1292 1145 1508 1201 Camilla,

360 1225 525 1270 agmen
552 1226 688 1270 agens
716 1211 932 1273 equitum
961 1224 1006 1257 et
1032 1210 1249 1258 florentes
1275 1228 1377 1258 aere
1404 1225 1624 1258 catervas.

360 1276 487 1338 quod
512 1276 545 1322 si
573 1293 648 1322 me
674 1277 826 1323 solum
856 1277 1038 1323 Teucri
1065 1277 1113 1323 in
1141 1278 1397 1324 certamina
1419 1292 1638 1340 poscunt,

359 1342 503 1405 idque
528 1343 700 1405 placet,
727 1357 1011 1406 tantumque
1039 1344 1171 1390 bonis
1198 1344 1532 1391 communibus
1557 1345 1704 1402 obsto,

359 1426 453 1455 non
480 1410 594 1456 adeo
620 1412 697 1456 has
724 1427 859 1456 exosa
886 1427 1051 1457 manus
1077 1411 1270 1457 victoria
1296 1411 1427 1471 fugit,

361 1489 412 1522 ut
438 1489 564 1522 tanta
589 1477 844 1539 quicquam
871 1495 955 1539 pro
983 1494 1061 1539 spe
1089 1490 1316 1540 temptare
1343 1494 1571 1524 recusem.

358 1542 436 1589 ibo
461 1543 627 1589 animis
652 1558 829 1601 contra,
858 1545 931 1591 vel
962 1560 1184 1605 magnum
1210 1558 1409 1607 praestet
1434 1544 1696 1600 Achillem,

358 1610 575 1672 factaque
602 1611 810 1656 Vulcani
839 1611 1056 1658 manibus
1084 1611 1210 1673 paria
1235 1611 1401 1658 induat
1426 1627 1551 1657 arma

358 1676 438 1722 ille
466 1677 592 1723 licet.
663 1677 794 1723 vobis
820 1678 1026 1724 animam
1054 1678 1174 1724 hanc
1203 1694 1455 1740 soceroque
1481 1677 1654 1724 Latino
1728 1702 1789 1730 440

359 1743 553 1789 Turnus
580 1759 679 1802 ego,
707 1745 833 1790 haud
861 1744 944 1790 ulli
973 1757 1186 1790 veterum
1212 1744 1385 1790 virtute
1413 1743 1660 1799 secundus,

357 1809 539 1856 devovi.
610 1815 640 1834 “
657 1810 808 1856 solum
834 1811 1019 1856 Aeneas
1045 1825 1180 1856 vocat
1194 1809 1247 1857 '':
1286 1825 1331 1856 et
1358 1824 1494 1856 vocet
1519 1827 1613 1856 oro.

357 1893 444 1922 nec
477 1876 688 1922 Drances
715 1876 882 1938 potius,
912 1877 1008 1923 sive
1037 1890 1104 1923 est
1130 1878 1242 1923 haec
1270 1877 1336 1923 ira
1360 1877 1571 1930 deorum,

358 1955 504 1988 morte
530 1943 642 1999 luat,
670 1943 764 1989 sive
791 1957 859 1990 est
887 1943 1032 1990 virtus
1059 1957 1103 1989 et
1129 1944 1287 2004 gloria,
1317 1943 1480 1990 tollat.’
1864 1961 1866 2019 1

423 2009 492 2054 illi
519 2010 633 2055 haec
661 2010 784 2056 inter
810 2027 855 2056 se
883 2011 1036 2056 dubiis
1063 2011 1120 2056 de
1148 2010 1285 2057 rebus
1313 2010 1510 2070 agebant
1863 2020 1866 2108 1

356 2089 614 2122 certantes:
653 2090 800 2122 castra
827 2078 1014 2123 Aeneas
1041 2077 1284 2140 aciemque
1311 2076 1546 2123 movebat.

357 2143 548 2188 nuntius
575 2143 755 2203 ingenti
784 2160 866 2205 per
892 2144 1015 2203 regia
1043 2157 1165 2189 tecta
1190 2144 1400 2190 tumultu
1863 2123 1866 2233 ⁴

355 2225 465 2255 ecce
491 2209 598 2266 ruit,
628 2210 900 2272 magnisque
929 2211 1092 2257 urbem
1121 2210 1371 2256 terroribus
1397 2210 1576 2271 inplet.
1864 2238 1866 2266 Ι

354 2275 604 2322 instructos
631 2277 727 2323 acie
757 2277 991 2323 Tiberino
1018 2295 1041 2322 a
1068 2276 1265 2323 flumine
1293 2277 1503 2323 Teucros
1862 2273 1866 2348 ¹

355 2342 751 2405 Tyrrhenamque
780 2359 973 2389 manum
1002 2343 1107 2389 totis
1133 2343 1416 2389 descendere
1443 2341 1634 2403 campis,
1726 2366 1787 2394 450

355 2410 595 2470 extemplo
624 2409 793 2455 turbati
822 2410 981 2463 animi,
1011 2425 1331 2471 concussaque
1357 2408 1484 2468 vulgi

353 2488 555 2537 pectora,
584 2490 630 2522 et
656 2489 859 2521 arrectae
886 2475 1085 2521 stimulis
1112 2475 1236 2520 haud
1263 2474 1481 2520 mollibus
1507 2474 1615 2520 irae.

355 2558 478 2587 arma
506 2559 647 2588 manu
676 2541 848 2604 trepidi
875 2554 1106 2603 poscunt3
1143 2541 1303 2587 fremit
1330 2558 1453 2586 arma
1477 2540 1728 2595 iuventus;

354 2607 470 2654 flent
496 2608 658 2654 maesti
686 2621 988 2670 mussantque
1013 2621 1181 2670 patres.
1252 2608 1329 2653 hic
1358 2607 1567 2671 undique
1593 2607 1769 2654 clamor

353 2674 562 2721 dissensu
590 2675 717 2721 vario
741 2691 936 2734 magnus
963 2691 1009 2720 se
1035 2674 1158 2720 tollit
1184 2674 1232 2720 in
1260 2691 1389 2719 auras
1411 2693 1420 2721 :

717 2763 792 2802 425
826 2753 961 2789 varius.
1071 2762 1147 2802 455
1170 2753 1214 2790 ad
1239 2765 1357 2790 auraS.
