<?xml version="1.0" encoding="UTF-8"?>
<!DOCTYPE html PUBLIC "-//W3C//DTD XHTML 1.0 Transitional//EN"
    "http://www.w3.org/TR/xhtml1/DTD/xhtml1-transitional.dtd">
<html xmlns="http://www.w3.org/1999/xhtml" xml:lang="en" lang="en">
 <head>
  <title>
</title>
<meta http-equiv="Content-Type" content="text/html;charset=utf-8" />
  <meta name='ocr-system' content='tesseract 3.04.00' />
  <meta name='ocr-capabilities' content='ocr_page ocr_carea ocr_par ocr_line ocrx_word'/>
</head>
<body>
  <div class='ocr_page' id='page_1' title='image "./operabucolicageo00virguoft_0128.png"; bbox 0 0 1861 3256; ppageno 0'>
   <div class='ocr_carea' id='block_1_1' title="bbox 278 233 1322 273">
    <p class='ocr_par' dir='ltr' id='par_1_1' title="bbox 278 233 1322 273">
     <span class='ocr_line' id='line_1_1' title="bbox 278 233 1322 273; baseline 0.003 -3"><span class='ocrx_word' id='word_1_1' title='bbox 278 245 351 271; x_wconf 89' lang='lat'>100</span> <span class='ocrx_word' id='word_1_2' title='bbox 727 235 771 272; x_wconf 92' lang='lat' dir='ltr'>P.</span> <span class='ocrx_word' id='word_1_3' title='bbox 800 233 1035 272; x_wconf 91' lang='lat' dir='ltr'>VERGILI</span> <span class='ocrx_word' id='word_1_4' title='bbox 1065 235 1322 273; x_wconf 89' lang='lat' dir='ltr'>MARONIS</span> 
     </span>
    </p>
   </div>
   <div class='ocr_carea' id='block_1_2' title="bbox 337 339 1774 2795">
    <p class='ocr_par' dir='ltr' id='par_1_2' title="bbox 340 339 1774 1398">
     <span class='ocr_line' id='line_1_2' title="bbox 344 339 1569 404; baseline -0.001 -17"><span class='ocrx_word' id='word_1_5' title='bbox 344 341 436 387; x_wconf 91' lang='lat' dir='ltr'>hoc</span> <span class='ocrx_word' id='word_1_6' title='bbox 463 339 682 404; x_wconf 88' lang='lat' dir='ltr'><strong>equidem</strong></span> <span class='ocrx_word' id='word_1_7' title='bbox 707 355 924 385; x_wconf 88' lang='lat' dir='ltr'>occasum</span> <span class='ocrx_word' id='word_1_8' title='bbox 950 339 1120 387; x_wconf 88' lang='lat' dir='ltr'>Troiae</span> <span class='ocrx_word' id='word_1_9' title='bbox 1147 340 1389 403; x_wconf 88' lang='lat' dir='ltr'>tristesque</span> <span class='ocrx_word' id='word_1_10' title='bbox 1414 339 1569 387; x_wconf 91' lang='lat' dir='ltr'>ruinas</span> 
     </span>
     <span class='ocr_line' id='line_1_3' title="bbox 345 405 1339 477; baseline 0 -24"><span class='ocrx_word' id='word_1_11' title='bbox 345 407 522 477; x_wconf 82' lang='lat' dir='ltr'>solabar</span> <span class='ocrx_word' id='word_1_12' title='bbox 547 406 650 452; x_wconf 92' lang='lat' dir='ltr'>fatis</span> <span class='ocrx_word' id='word_1_13' title='bbox 675 405 904 470; x_wconf 82' lang='lat' dir='ltr'>contraria</span> <span class='ocrx_word' id='word_1_14' title='bbox 922 406 1020 468; x_wconf 81' lang='lat' dir='ltr'>fata</span> <span class='ocrx_word' id='word_1_15' title='bbox 1043 407 1337 472; x_wconf 91' lang='lat' dir='ltr'>rependens·</span> <span class='ocrx_word' id='word_1_16' title='bbox 1325 442 1339 461; x_wconf 96' lang='lat'>‚</span> 
     </span>
     <span class='ocr_line' id='line_1_4' title="bbox 345 466 1767 529; baseline -0.001 -10"><span class='ocrx_word' id='word_1_17' title='bbox 345 470 482 519; x_wconf 78' lang='lat' dir='ltr'>nunc</span> <span class='ocrx_word' id='word_1_18' title='bbox 490 467 666 518; x_wconf 81' lang='lat' dir='ltr'>eadem</span> <span class='ocrx_word' id='word_1_19' title='bbox 679 466 896 518; x_wconf 78' lang='lat' dir='ltr'>fortuna</span> <span class='ocrx_word' id='word_1_20' title='bbox 904 471 1022 518; x_wconf 91' lang='lat' dir='ltr'>viros</span> <span class='ocrx_word' id='word_1_21' title='bbox 1048 486 1116 520; x_wconf 94' lang='lat' dir='ltr'>tot</span> <span class='ocrx_word' id='word_1_22' title='bbox 1142 470 1320 520; x_wconf 84' lang='lat' dir='ltr'>casibus</span> <span class='ocrx_word' id='word_1_23' title='bbox 1346 486 1470 518; x_wconf 89' lang='lat' dir='ltr'>actos</span> <span class='ocrx_word' id='word_1_24' title='bbox 1706 497 1767 529; x_wconf 88' lang='lat'>240</span> 
     </span>
     <span class='ocr_line' id='line_1_5' title="bbox 344 537 1713 600; baseline 0.001 -15"><span class='ocrx_word' id='word_1_25' title='bbox 344 537 623 600; x_wconf 76' lang='lat' dir='ltr'>insequitur,</span> <span class='ocrx_word' id='word_1_26' title='bbox 694 554 835 600; x_wconf 91' lang='lat' dir='ltr'>quem</span> <span class='ocrx_word' id='word_1_27' title='bbox 861 538 937 584; x_wconf 90' lang='lat' dir='ltr'>das</span> <span class='ocrx_word' id='word_1_28' title='bbox 963 539 1124 596; x_wconf 90' lang='lat' dir='ltr'>finem,</span> <span class='ocrx_word' id='word_1_29' title='bbox 1148 556 1229 586; x_wconf 86' lang='lat' dir='ltr'>rex</span> <span class='ocrx_word' id='word_1_30' title='bbox 1256 555 1437 598; x_wconf 88' lang='lat' dir='ltr'>magne,</span> <span class='ocrx_word' id='word_1_31' title='bbox 1464 538 1713 587; x_wconf 88' lang='lat' dir='ltr'>laborum?</span> 
     </span>
     <span class='ocr_line' id='line_1_6' title="bbox 343 604 1352 667; baseline -0.001 -16"><span class='ocrx_word' id='word_1_32' title='bbox 343 607 560 651; x_wconf 87' lang='lat' dir='ltr'>Antenor</span> <span class='ocrx_word' id='word_1_33' title='bbox 585 604 739 666; x_wconf 89' lang='lat' dir='ltr'>potuit</span> <span class='ocrx_word' id='word_1_34' title='bbox 765 604 928 650; x_wconf 88' lang='lat' dir='ltr'>mediis</span> <span class='ocrx_word' id='word_1_35' title='bbox 954 606 1133 667; x_wconf 87' lang='lat' dir='ltr'>elapsus</span> <span class='ocrx_word' id='word_1_36' title='bbox 1157 605 1352 651; x_wconf 87' lang='lat' dir='ltr'>Achivis</span> 
     </span>
     <span class='ocr_line' id='line_1_7' title="bbox 343 670 1487 735; baseline 0.001 -20"><span class='ocrx_word' id='word_1_37' title='bbox 343 670 558 731; x_wconf 89' lang='lat' dir='ltr'>Illyricos</span> <span class='ocrx_word' id='word_1_38' title='bbox 584 682 828 731; x_wconf 89' lang='lat' dir='ltr'>penetrare</span> <span class='ocrx_word' id='word_1_39' title='bbox 854 670 979 717; x_wconf 92' lang='lat' dir='ltr'>sinus</span> <span class='ocrx_word' id='word_1_40' title='bbox 1007 685 1142 735; x_wconf 91' lang='lat' dir='ltr'>atque</span> <span class='ocrx_word' id='word_1_41' title='bbox 1169 671 1336 718; x_wconf 90' lang='lat' dir='ltr'>intima</span> <span class='ocrx_word' id='word_1_42' title='bbox 1360 683 1487 717; x_wconf 86' lang='lat' dir='ltr'>tutus</span> 
     </span>
     <span class='ocr_line' id='line_1_8' title="bbox 342 736 1584 801; baseline 0 -19"><span class='ocrx_word' id='word_1_43' title='bbox 342 753 484 797; x_wconf 91' lang='lat' dir='ltr'>regna</span> <span class='ocrx_word' id='word_1_44' title='bbox 509 736 831 783; x_wconf 90' lang='lat' dir='ltr'>Liburnorum</span> <span class='ocrx_word' id='word_1_45' title='bbox 857 750 903 784; x_wconf 90' lang='lat' dir='ltr'>et</span> <span class='ocrx_word' id='word_1_46' title='bbox 929 738 1110 784; x_wconf 90' lang='lat' dir='ltr'>fontem</span> <span class='ocrx_word' id='word_1_47' title='bbox 1137 754 1347 801; x_wconf 89' lang='lat' dir='ltr'>superare</span> <span class='ocrx_word' id='word_1_48' title='bbox 1375 737 1584 794; x_wconf 88' lang='lat' dir='ltr'>Timavi,</span> 
     </span>
     <span class='ocr_line' id='line_1_9' title="bbox 342 803 1626 868; baseline 0.001 -20"><span class='ocrx_word' id='word_1_49' title='bbox 342 803 468 849; x_wconf 89' lang='lat' dir='ltr'>unde</span> <span class='ocrx_word' id='word_1_50' title='bbox 494 819 575 864; x_wconf 92' lang='lat' dir='ltr'>per</span> <span class='ocrx_word' id='word_1_51' title='bbox 599 820 675 848; x_wconf 94' lang='lat' dir='ltr'>ora</span> <span class='ocrx_word' id='word_1_52' title='bbox 701 821 873 850; x_wconf 90' lang='lat' dir='ltr'>novem</span> <span class='ocrx_word' id='word_1_53' title='bbox 899 817 1027 850; x_wconf 88' lang='lat' dir='ltr'>vasto</span> <span class='ocrx_word' id='word_1_54' title='bbox 1052 821 1163 868; x_wconf 82' lang='lat' dir='ltr'>curn</span> <span class='ocrx_word' id='word_1_55' title='bbox 1188 820 1427 850; x_wconf 88' lang='lat' dir='ltr'>murmure</span> <span class='ocrx_word' id='word_1_56' title='bbox 1453 803 1626 850; x_wconf 90' lang='lat' dir='ltr'>montis</span> 
     </span>
     <span class='ocr_line' id='line_1_10' title="bbox 342 863 1643 936; baseline 0.001 -21"><span class='ocrx_word' id='word_1_57' title='bbox 342 869 377 916; x_wconf 90' lang='lat' dir='ltr'>it</span> <span class='ocrx_word' id='word_1_58' title='bbox 402 886 526 915; x_wconf 90' lang='lat' dir='ltr'>mare</span> <span class='ocrx_word' id='word_1_59' title='bbox 550 883 830 936; x_wconf 91' lang='lat' dir='ltr'>proruptum</span> <span class='ocrx_word' id='word_1_60' title='bbox 857 883 904 916; x_wconf 90' lang='lat' dir='ltr'>et</span> <span class='ocrx_word' id='word_1_61' title='bbox 929 863 1092 935; x_wconf 77' lang='lat' dir='ltr'>pelago</span> <span class='ocrx_word' id='word_1_62' title='bbox 1114 865 1297 936; x_wconf 85' lang='lat' dir='ltr'>premit</span> <span class='ocrx_word' id='word_1_63' title='bbox 1313 887 1418 916; x_wconf 87' lang='lat' dir='ltr'>arva</span> <span class='ocrx_word' id='word_1_64' title='bbox 1443 867 1643 917; x_wconf 87' lang='lat' dir='ltr'>sonanti.</span> 
     </span>
     <span class='ocr_line' id='line_1_11' title="bbox 342 932 1532 1001; baseline 0.001 -20"><span class='ocrx_word' id='word_1_65' title='bbox 342 935 418 982; x_wconf 91' lang='lat' dir='ltr'>h1c</span> <span class='ocrx_word' id='word_1_66' title='bbox 445 940 601 982; x_wconf 88' lang='lat' dir='ltr'>tamen</span> <span class='ocrx_word' id='word_1_67' title='bbox 627 935 709 982; x_wconf 90' lang='lat' dir='ltr'>ille</span> <span class='ocrx_word' id='word_1_68' title='bbox 736 932 912 983; x_wconf 74' lang='lat' dir='ltr'>urbem</span> <span class='ocrx_word' id='word_1_69' title='bbox 929 937 1086 983; x_wconf 88' lang='lat' dir='ltr'>Patavi</span> <span class='ocrx_word' id='word_1_70' title='bbox 1114 937 1332 1001; x_wconf 86' lang='lat' dir='ltr'>sedesque</span> <span class='ocrx_word' id='word_1_71' title='bbox 1358 935 1532 983; x_wconf 89' lang='lat' dir='ltr'>locavit</span> 
     </span>
     <span class='ocr_line' id='line_1_12' title="bbox 342 1002 1610 1078; baseline 0.001 -30"><span class='ocrx_word' id='word_1_72' title='bbox 342 1002 655 1058; x_wconf 90' lang='lat' dir='ltr'>Teucrorum,</span> <span class='ocrx_word' id='word_1_73' title='bbox 684 1016 729 1048; x_wconf 91' lang='lat' dir='ltr'>et</span> <span class='ocrx_word' id='word_1_74' title='bbox 754 1004 882 1063; x_wconf 91' lang='lat' dir='ltr'>genti</span> <span class='ocrx_word' id='word_1_75' title='bbox 912 1020 1085 1050; x_wconf 91' lang='lat' dir='ltr'>nomen</span> <span class='ocrx_word' id='word_1_76' title='bbox 1111 1004 1240 1050; x_wconf 89' lang='lat' dir='ltr'>dedit</span> <span class='ocrx_word' id='word_1_77' title='bbox 1265 1020 1481 1078; x_wconf 88' lang='lat' dir='ltr'>armaque</span> <span class='ocrx_word' id='word_1_78' title='bbox 1507 1003 1610 1050; x_wconf 81' lang='lat' dir='ltr'>fixit</span> 
     </span>
     <span class='ocr_line' id='line_1_13' title="bbox 342 1069 1560 1134; baseline 0.002 -20"><span class='ocrx_word' id='word_1_79' title='bbox 342 1070 503 1124; x_wconf 69' lang='lat' dir='ltr'>Troia,</span> <span class='ocrx_word' id='word_1_80' title='bbox 531 1085 659 1115; x_wconf 90' lang='lat' dir='ltr'>nunc</span> <span class='ocrx_word' id='word_1_81' title='bbox 686 1069 870 1131; x_wconf 87' lang='lat' dir='ltr'>placida</span> <span class='ocrx_word' id='word_1_82' title='bbox 898 1084 1164 1132; x_wconf 91' lang='lat' dir='ltr'>compostus</span> <span class='ocrx_word' id='word_1_83' title='bbox 1189 1087 1303 1133; x_wconf 90' lang='lat' dir='ltr'>pace</span> <span class='ocrx_word' id='word_1_84' title='bbox 1329 1069 1526 1134; x_wconf 87' lang='lat' dir='ltr'>quiescit</span> <span class='ocrx_word' id='word_1_85' title='bbox 1550 1089 1560 1117; x_wconf 93' lang='lat'>:</span> 
     </span>
     <span class='ocr_line' id='line_1_14' title="bbox 341 1135 1774 1200; baseline 0 -18"><span class='ocrx_word' id='word_1_86' title='bbox 341 1153 438 1191; x_wconf 89' lang='lat' dir='ltr'>nos,</span> <span class='ocrx_word' id='word_1_87' title='bbox 466 1149 544 1181; x_wconf 88' lang='lat' dir='ltr'>tua</span> <span class='ocrx_word' id='word_1_88' title='bbox 568 1135 827 1198; x_wconf 89' lang='lat' dir='ltr'>progenies,</span> <span class='ocrx_word' id='word_1_89' title='bbox 857 1137 974 1182; x_wconf 89' lang='lat' dir='ltr'>caeli</span> <span class='ocrx_word' id='word_1_90' title='bbox 1000 1137 1168 1200; x_wconf 91' lang='lat' dir='ltr'>quibus</span> <span class='ocrx_word' id='word_1_91' title='bbox 1192 1136 1353 1183; x_wconf 87' lang='lat' dir='ltr'>adnuis</span> <span class='ocrx_word' id='word_1_92' title='bbox 1379 1153 1549 1193; x_wconf 89' lang='lat' dir='ltr'>arcem,</span> <span class='ocrx_word' id='word_1_93' title='bbox 1711 1160 1774 1190; x_wconf 84' lang='lat'>250</span> 
     </span>
     <span class='ocr_line' id='line_1_15' title="bbox 341 1202 1543 1260; baseline 0.001 -12"><span class='ocrx_word' id='word_1_94' title='bbox 341 1202 858 1248; x_wconf 87' lang='lat' dir='ltr'>navibus—infandum</span> <span class='ocrx_word' id='word_1_95' title='bbox 884 1203 1157 1260; x_wconf 80' lang='lat' dir='ltr'>l—amissis,</span> <span class='ocrx_word' id='word_1_96' title='bbox 1183 1203 1319 1249; x_wconf 89' lang='lat' dir='ltr'>unius</span> <span class='ocrx_word' id='word_1_97' title='bbox 1343 1203 1403 1249; x_wconf 93' lang='lat' dir='ltr'>ob</span> <span class='ocrx_word' id='word_1_98' title='bbox 1429 1203 1543 1249; x_wconf 86' lang='lat' dir='ltr'>iram</span> 
     </span>
     <span class='ocr_line' id='line_1_16' title="bbox 340 1268 1534 1332; baseline 0.002 -18"><span class='ocrx_word' id='word_1_99' title='bbox 340 1269 582 1332; x_wconf 89' lang='lat' dir='ltr'>prodimur</span> <span class='ocrx_word' id='word_1_100' title='bbox 608 1282 746 1331; x_wconf 92' lang='lat' dir='ltr'>atque</span> <span class='ocrx_word' id='word_1_101' title='bbox 774 1268 903 1315; x_wconf 90' lang='lat' dir='ltr'>Italis</span> <span class='ocrx_word' id='word_1_102' title='bbox 932 1270 1071 1330; x_wconf 89' lang='lat' dir='ltr'>longe</span> <span class='ocrx_word' id='word_1_103' title='bbox 1098 1269 1407 1329; x_wconf 90' lang='lat' dir='ltr'>disiungimur</span> <span class='ocrx_word' id='word_1_104' title='bbox 1431 1270 1534 1316; x_wconf 90' lang='lat' dir='ltr'>oris.</span> 
     </span>
     <span class='ocr_line' id='line_1_17' title="bbox 340 1334 1637 1398; baseline -0.001 -16"><span class='ocrx_word' id='word_1_105' title='bbox 340 1335 416 1382; x_wconf 91' lang='lat' dir='ltr'>hic</span> <span class='ocrx_word' id='word_1_106' title='bbox 443 1335 627 1397; x_wconf 88' lang='lat' dir='ltr'>pietatis</span> <span class='ocrx_word' id='word_1_107' title='bbox 653 1337 840 1381; x_wconf 86' lang='lat' dir='ltr'>honos?</span> <span class='ocrx_word' id='word_1_108' title='bbox 912 1335 974 1382; x_wconf 89' lang='lat' dir='ltr'>sic</span> <span class='ocrx_word' id='word_1_109' title='bbox 1003 1353 1086 1381; x_wconf 93' lang='lat' dir='ltr'>nos</span> <span class='ocrx_word' id='word_1_110' title='bbox 1110 1335 1160 1381; x_wconf 90' lang='lat' dir='ltr'>in</span> <span class='ocrx_word' id='word_1_111' title='bbox 1187 1348 1366 1398; x_wconf 91' lang='lat' dir='ltr'>sceptra</span> <span class='ocrx_word' id='word_1_112' title='bbox 1389 1335 1575 1397; x_wconf 87' lang='lat' dir='ltr'>reponis</span> <span class='ocrx_word' id='word_1_113' title='bbox 1595 1334 1637 1382; x_wconf 82' lang='lat'>?&#39;</span> 
     </span>
    </p>

    <p class='ocr_par' dir='ltr' id='par_1_3' title="bbox 337 1401 1771 1932">
     <span class='ocr_line' id='line_1_18' title="bbox 407 1401 1564 1465; baseline 0.001 -18"><span class='ocrx_word' id='word_1_114' title='bbox 407 1402 489 1448; x_wconf 90' lang='lat' dir='ltr'>olli</span> <span class='ocrx_word' id='word_1_115' title='bbox 515 1401 758 1448; x_wconf 88' lang='lat' dir='ltr'>subridens</span> <span class='ocrx_word' id='word_1_116' title='bbox 784 1402 1038 1448; x_wconf 91' lang='lat' dir='ltr'>hominurn</span> <span class='ocrx_word' id='word_1_117' title='bbox 1063 1415 1183 1448; x_wconf 91' lang='lat' dir='ltr'>sator</span> <span class='ocrx_word' id='word_1_118' title='bbox 1208 1414 1345 1465; x_wconf 91' lang='lat' dir='ltr'>atque</span> <span class='ocrx_word' id='word_1_119' title='bbox 1370 1402 1564 1448; x_wconf 89' lang='lat' dir='ltr'>deorum</span> 
     </span>
     <span class='ocr_line' id='line_1_19' title="bbox 339 1469 1461 1532; baseline 0 -17"><span class='ocrx_word' id='word_1_120' title='bbox 339 1469 489 1525; x_wconf 89' lang='lat' dir='ltr'>vultu,</span> <span class='ocrx_word' id='word_1_121' title='bbox 517 1486 610 1532; x_wconf 94' lang='lat' dir='ltr'>quo</span> <span class='ocrx_word' id='word_1_122' title='bbox 636 1469 821 1515; x_wconf 88' lang='lat' dir='ltr'>caelum</span> <span class='ocrx_word' id='word_1_123' title='bbox 849 1481 1241 1532; x_wconf 89' lang='lat' dir='ltr'>tempestatesque</span> <span class='ocrx_word' id='word_1_124' title='bbox 1266 1482 1461 1525; x_wconf 87' lang='lat' dir='ltr'>serenat,</span> 
     </span>
     <span class='ocr_line' id='line_1_20' title="bbox 341 1535 1385 1590; baseline 0 -9"><span class='ocrx_word' id='word_1_125' title='bbox 341 1536 501 1582; x_wconf 90' lang='lat' dir='ltr'>oscula</span> <span class='ocrx_word' id='word_1_126' title='bbox 526 1535 691 1582; x_wconf 86' lang='lat' dir='ltr'>libavit</span> <span class='ocrx_word' id='word_1_127' title='bbox 718 1549 867 1590; x_wconf 91' lang='lat' dir='ltr'>natae,</span> <span class='ocrx_word' id='word_1_128' title='bbox 897 1535 1071 1582; x_wconf 86' lang='lat' dir='ltr'>dehinc</span> <span class='ocrx_word' id='word_1_129' title='bbox 1098 1535 1205 1581; x_wconf 89' lang='lat' dir='ltr'>talia</span> <span class='ocrx_word' id='word_1_130' title='bbox 1230 1535 1352 1581; x_wconf 88' lang='lat' dir='ltr'>fatur</span> <span class='ocrx_word' id='word_1_131' title='bbox 1375 1554 1385 1581; x_wconf 74' lang='grc' dir='ltr'>ε</span> 
     </span>
     <span class='ocr_line' id='line_1_21' title="bbox 339 1602 1598 1664; baseline 0 -16"><span class='ocrx_word' id='word_1_132' title='bbox 339 1619 476 1664; x_wconf 90' lang='lat' dir='ltr'>parce</span> <span class='ocrx_word' id='word_1_133' title='bbox 502 1616 646 1658; x_wconf 87' lang='lat' dir='ltr'>metu,</span> <span class='ocrx_word' id='word_1_134' title='bbox 677 1602 914 1663; x_wconf 89' lang='lat' dir='ltr'>Cytherea</span> <span class='ocrx_word' id='word_1_135' title='bbox 940 1620 950 1649; x_wconf 77' lang='lat' dir='ltr'>z</span> <span class='ocrx_word' id='word_1_136' title='bbox 988 1616 1182 1648; x_wconf 88' lang='lat' dir='ltr'>manent</span> <span class='ocrx_word' id='word_1_137' title='bbox 1206 1602 1385 1648; x_wconf 90' lang='lat' dir='ltr'>inmota</span> <span class='ocrx_word' id='word_1_138' title='bbox 1410 1615 1598 1648; x_wconf 90' lang='lat' dir='ltr'>tuorum</span> 
     </span>
     <span class='ocr_line' id='line_1_22' title="bbox 340 1667 1482 1730; baseline -0.001 -16"><span class='ocrx_word' id='word_1_139' title='bbox 340 1669 433 1714; x_wconf 91' lang='lat' dir='ltr'>fata</span> <span class='ocrx_word' id='word_1_140' title='bbox 458 1668 541 1714; x_wconf 92' lang='lat' dir='ltr'>tibi</span> <span class='ocrx_word' id='word_1_141' title='bbox 566 1688 579 1725; x_wconf 93' lang='lat'>;</span> <span class='ocrx_word' id='word_1_142' title='bbox 616 1685 777 1714; x_wconf 89' lang='lat' dir='ltr'>cernes</span> <span class='ocrx_word' id='word_1_143' title='bbox 805 1669 970 1715; x_wconf 90' lang='lat' dir='ltr'>urbem</span> <span class='ocrx_word' id='word_1_144' title='bbox 998 1682 1043 1715; x_wconf 92' lang='lat' dir='ltr'>et</span> <span class='ocrx_word' id='word_1_145' title='bbox 1069 1668 1289 1730; x_wconf 88' lang='lat' dir='ltr'>promissa</span> <span class='ocrx_word' id='word_1_146' title='bbox 1313 1667 1482 1714; x_wconf 88' lang='lat' dir='ltr'>Lavini</span> 
     </span>
     <span class='ocr_line' id='line_1_23' title="bbox 340 1734 1458 1798; baseline 0 -18"><span class='ocrx_word' id='word_1_147' title='bbox 340 1735 538 1791; x_wconf 86' lang='lat' dir='ltr'>moenia,</span> <span class='ocrx_word' id='word_1_148' title='bbox 566 1735 914 1798; x_wconf 89' lang='lat' dir='ltr'>sublimemque</span> <span class='ocrx_word' id='word_1_149' title='bbox 942 1735 1061 1781; x_wconf 90' lang='lat' dir='ltr'>feres</span> <span class='ocrx_word' id='word_1_150' title='bbox 1088 1735 1143 1781; x_wconf 90' lang='lat' dir='ltr'>ad</span> <span class='ocrx_word' id='word_1_151' title='bbox 1169 1734 1316 1781; x_wconf 87' lang='lat' dir='ltr'>sidera</span> <span class='ocrx_word' id='word_1_152' title='bbox 1341 1734 1458 1781; x_wconf 89' lang='lat' dir='ltr'>caeli</span> 
     </span>
     <span class='ocr_line' id='line_1_24' title="bbox 339 1799 1687 1865; baseline 0 -17"><span class='ocrx_word' id='word_1_153' title='bbox 339 1801 695 1862; x_wconf 83' lang='lat' dir='ltr'>magnanimu&#39;rn</span> <span class='ocrx_word' id='word_1_154' title='bbox 720 1799 917 1862; x_wconf 75' lang='lat' dir='ltr'>Aenean</span> <span class='ocrx_word' id='word_1_155' title='bbox 943 1823 956 1858; x_wconf 91' lang='lat'>;</span> <span class='ocrx_word' id='word_1_156' title='bbox 995 1817 1148 1865; x_wconf 87' lang='lat' dir='ltr'>neque</span> <span class='ocrx_word' id='word_1_157' title='bbox 1174 1801 1507 1848; x_wconf 59' lang='lat' dir='ltr'>me‘sent&#39;e&#39;n‘tia</span> <span class='ocrx_word' id='word_1_158' title='bbox 1531 1801 1687 1848; x_wconf 83' lang='lat' dir='ltr'>vertit.</span> 
     </span>
     <span class='ocr_line' id='line_1_25' title="bbox 337 1867 1771 1932; baseline -0.001 -17"><span class='ocrx_word' id='word_1_159' title='bbox 337 1868 426 1915; x_wconf 33' lang='lat' dir='ltr'>hic*</span> <span class='ocrx_word' id='word_1_160' title='bbox 465 1868 550 1914; x_wconf 88' lang='lat' dir='ltr'>tibi</span> <span class='ocrx_word' id='word_1_161' title='bbox 567 1867 779 1914; x_wconf 60' lang='lat' dir='ltr'>——&#39;&#39;fabor</span> <span class='ocrx_word' id='word_1_162' title='bbox 829 1868 975 1926; x_wconf 90' lang='lat' dir='ltr'>enim,</span> <span class='ocrx_word' id='word_1_163' title='bbox 1024 1868 1211 1932; x_wconf 91' lang='lat' dir='ltr'>quando</span> <span class='ocrx_word' id='word_1_164' title='bbox 1266 1869 1379 1914; x_wconf 89' lang='lat' dir='ltr'>haec</span> <span class='ocrx_word' id='word_1_165' title='bbox 1439 1881 1484 1914; x_wconf 91' lang='lat' dir='ltr'>te</span> <span class='ocrx_word' id='word_1_166' title='bbox 1541 1885 1654 1915; x_wconf 91' lang='lat' dir='ltr'>cura</span> <span class='ocrx_word' id='word_1_167' title='bbox 1699 1884 1771 1913; x_wconf 90' lang='lat' dir='ltr'>re-</span> 
     </span>
    </p>

    <p class='ocr_par' dir='ltr' id='par_1_4' title="bbox 474 1935 1770 1991">
     <span class='ocr_line' id='line_1_26' title="bbox 474 1935 1770 1991; baseline 0.001 -11"><span class='ocrx_word' id='word_1_168' title='bbox 474 1935 675 1991; x_wconf 91' lang='lat' dir='ltr'>mordet,</span> <span class='ocrx_word' id='word_1_169' title='bbox 1711 1950 1770 1981; x_wconf 81' lang='lat'>261</span> 
     </span>
    </p>

    <p class='ocr_par' dir='ltr' id='par_1_5' title="bbox 337 2000 1770 2795">
     <span class='ocr_line' id='line_1_27' title="bbox 338 2000 1528 2061; baseline 0 -14"><span class='ocrx_word' id='word_1_170' title='bbox 338 2001 522 2061; x_wconf 89' lang='lat' dir='ltr'>longius</span> <span class='ocrx_word' id='word_1_171' title='bbox 548 2015 594 2048; x_wconf 91' lang='lat' dir='ltr'>et</span> <span class='ocrx_word' id='word_1_172' title='bbox 619 2002 814 2047; x_wconf 86' lang='lat' dir='ltr'>volvens</span> <span class='ocrx_word' id='word_1_173' title='bbox 841 2001 1044 2048; x_wconf 89' lang='lat' dir='ltr'>fatorum</span> <span class='ocrx_word' id='word_1_174' title='bbox 1072 2018 1237 2048; x_wconf 92' lang='lat' dir='ltr'>arcana</span> <span class='ocrx_word' id='word_1_175' title='bbox 1261 2000 1528 2047; x_wconf 90' lang='lat' dir='ltr'>movebo—-</span> 
     </span>
     <span class='ocr_line' id='line_1_28' title="bbox 338 2067 1554 2131; baseline 0.001 -18"><span class='ocrx_word' id='word_1_176' title='bbox 338 2068 520 2114; x_wconf 89' lang='lat' dir='ltr'>bellum</span> <span class='ocrx_word' id='word_1_177' title='bbox 546 2067 711 2129; x_wconf 88' lang='lat' dir='ltr'>ingens</span> <span class='ocrx_word' id='word_1_178' title='bbox 738 2081 868 2128; x_wconf 91' lang='lat' dir='ltr'>geret</span> <span class='ocrx_word' id='word_1_179' title='bbox 895 2068 1032 2114; x_wconf 90' lang='lat' dir='ltr'>Italia</span> <span class='ocrx_word' id='word_1_180' title='bbox 1058 2069 1348 2131; x_wconf 86' lang='lat' dir='ltr'>populosque</span> <span class='ocrx_word' id='word_1_181' title='bbox 1376 2068 1554 2115; x_wconf 92' lang='lat' dir='ltr'>feroces</span> 
     </span>
     <span class='ocr_line' id='line_1_29' title="bbox 339 2135 1492 2197; baseline 0.001 -17"><span class='ocrx_word' id='word_1_182' title='bbox 339 2135 617 2191; x_wconf 87' lang='lat' dir='ltr'>contundet,</span> <span class='ocrx_word' id='word_1_183' title='bbox 644 2151 888 2197; x_wconf 90' lang='lat' dir='ltr'>moresque</span> <span class='ocrx_word' id='word_1_184' title='bbox 916 2135 1025 2181; x_wconf 90' lang='lat' dir='ltr'>viris</span> <span class='ocrx_word' id='word_1_185' title='bbox 1050 2149 1097 2182; x_wconf 91' lang='lat' dir='ltr'>et</span> <span class='ocrx_word' id='word_1_186' title='bbox 1121 2135 1307 2181; x_wconf 89' lang='lat' dir='ltr'>moenia</span> <span class='ocrx_word' id='word_1_187' title='bbox 1332 2149 1492 2197; x_wconf 90' lang='lat' dir='ltr'>ponet,</span> 
     </span>
     <span class='ocr_line' id='line_1_30' title="bbox 339 2201 1444 2262; baseline 0.001 -15"><span class='ocrx_word' id='word_1_188' title='bbox 339 2201 473 2247; x_wconf 90' lang='lat' dir='ltr'>tertia</span> <span class='ocrx_word' id='word_1_189' title='bbox 497 2201 611 2248; x_wconf 92' lang='lat' dir='ltr'>dum</span> <span class='ocrx_word' id='word_1_190' title='bbox 637 2201 775 2248; x_wconf 90' lang='lat' dir='ltr'>Latio</span> <span class='ocrx_word' id='word_1_191' title='bbox 802 2215 1079 2262; x_wconf 87' lang='lat' dir='ltr'>regnantem</span> <span class='ocrx_word' id='word_1_192' title='bbox 1108 2201 1276 2248; x_wconf 86' lang='lat' dir='ltr'>viderit</span> <span class='ocrx_word' id='word_1_193' title='bbox 1301 2215 1444 2248; x_wconf 90' lang='lat' dir='ltr'>aestas</span> 
     </span>
     <span class='ocr_line' id='line_1_31' title="bbox 339 2267 1541 2331; baseline 0.002 -18"><span class='ocrx_word' id='word_1_194' title='bbox 339 2281 562 2331; x_wconf 89' lang='lat' dir='ltr'>ternaque</span> <span class='ocrx_word' id='word_1_195' title='bbox 589 2267 860 2315; x_wconf 87' lang='lat' dir='ltr'>transierint</span> <span class='ocrx_word' id='word_1_196' title='bbox 889 2269 1081 2315; x_wconf 89' lang='lat' dir='ltr'>Rutulis</span> <span class='ocrx_word' id='word_1_197' title='bbox 1106 2268 1300 2314; x_wconf 92' lang='lat' dir='ltr'>hiberna</span> <span class='ocrx_word' id='word_1_198' title='bbox 1324 2267 1541 2315; x_wconf 89' lang='lat' dir='ltr'>subactis.</span> 
     </span>
     <span class='ocr_line' id='line_1_32' title="bbox 339 2335 1481 2396; baseline 0 -16"><span class='ocrx_word' id='word_1_199' title='bbox 339 2347 383 2380; x_wconf 92' lang='lat' dir='ltr'>at</span> <span class='ocrx_word' id='word_1_200' title='bbox 408 2350 525 2395; x_wconf 89' lang='lat' dir='ltr'>puer</span> <span class='ocrx_word' id='word_1_201' title='bbox 549 2335 795 2392; x_wconf 88' lang='lat' dir='ltr'>Ascanius,</span> <span class='ocrx_word' id='word_1_202' title='bbox 825 2335 900 2382; x_wconf 88' lang='lat' dir='ltr'>cui</span> <span class='ocrx_word' id='word_1_203' title='bbox 930 2352 1058 2381; x_wconf 92' lang='lat' dir='ltr'>nunc</span> <span class='ocrx_word' id='word_1_204' title='bbox 1086 2351 1347 2396; x_wconf 89' lang='lat' dir='ltr'>cognomen</span> <span class='ocrx_word' id='word_1_205' title='bbox 1374 2335 1481 2380; x_wconf 93' lang='lat' dir='ltr'>Iulo</span> 
     </span>
     <span class='ocr_line' id='line_1_33' title="bbox 338 2400 1570 2462; baseline 0.002 -17"><span class='ocrx_word' id='word_1_206' title='bbox 338 2400 691 2447; x_wconf 85' lang='lat' dir='ltr'>additur—Ilus</span> <span class='ocrx_word' id='word_1_207' title='bbox 717 2414 829 2457; x_wconf 91' lang='lat' dir='ltr'>erat,</span> <span class='ocrx_word' id='word_1_208' title='bbox 857 2402 970 2447; x_wconf 89' lang='lat' dir='ltr'>dum</span> <span class='ocrx_word' id='word_1_209' title='bbox 996 2419 1066 2447; x_wconf 89' lang='lat' dir='ltr'>res</span> <span class='ocrx_word' id='word_1_210' title='bbox 1093 2401 1219 2447; x_wconf 87' lang='lat' dir='ltr'>stetit</span> <span class='ocrx_word' id='word_1_211' title='bbox 1245 2401 1333 2447; x_wconf 89' lang='lat' dir='ltr'>Ilia</span> <span class='ocrx_word' id='word_1_212' title='bbox 1356 2418 1570 2462; x_wconf 89' lang='lat' dir='ltr'>regno—-</span> 
     </span>
     <span class='ocr_line' id='line_1_34' title="bbox 338 2466 1434 2528; baseline 0.002 -16"><span class='ocrx_word' id='word_1_213' title='bbox 338 2466 529 2527; x_wconf 89' lang='lat' dir='ltr'>triginta</span> <span class='ocrx_word' id='word_1_214' title='bbox 553 2484 744 2528; x_wconf 89' lang='lat' dir='ltr'>magnos</span> <span class='ocrx_word' id='word_1_215' title='bbox 773 2468 1012 2514; x_wconf 86' lang='lat' dir='ltr'>volvendis</span> <span class='ocrx_word' id='word_1_216' title='bbox 1040 2468 1277 2513; x_wconf 89' lang='lat' dir='ltr'>mensibus</span> <span class='ocrx_word' id='word_1_217' title='bbox 1303 2468 1434 2514; x_wconf 87' lang='lat' dir='ltr'>orbes</span> 
     </span>
     <span class='ocr_line' id='line_1_35' title="bbox 338 2532 1770 2597; baseline 0.001 -18"><span class='ocrx_word' id='word_1_218' title='bbox 338 2532 538 2595; x_wconf 90' lang='lat' dir='ltr'>imperio</span> <span class='ocrx_word' id='word_1_219' title='bbox 565 2533 790 2596; x_wconf 85' lang='lat' dir='ltr'>explebit,</span> <span class='ocrx_word' id='word_1_220' title='bbox 819 2551 1111 2597; x_wconf 87' lang='lat' dir='ltr'>regnumque</span> <span class='ocrx_word' id='word_1_221' title='bbox 1137 2534 1194 2579; x_wconf 91' lang='lat' dir='ltr'>ab</span> <span class='ocrx_word' id='word_1_222' title='bbox 1218 2534 1324 2580; x_wconf 92' lang='lat' dir='ltr'>sede</span> <span class='ocrx_word' id='word_1_223' title='bbox 1350 2534 1518 2580; x_wconf 89' lang='lat' dir='ltr'>Lavini</span> <span class='ocrx_word' id='word_1_224' title='bbox 1707 2558 1770 2589; x_wconf 87' lang='lat'>270</span> 
     </span>
     <span class='ocr_line' id='line_1_36' title="bbox 338 2600 1554 2662; baseline 0 -15"><span class='ocrx_word' id='word_1_225' title='bbox 338 2600 603 2658; x_wconf 90' lang='lat' dir='ltr'>transferet,</span> <span class='ocrx_word' id='word_1_226' title='bbox 630 2614 675 2647; x_wconf 93' lang='lat' dir='ltr'>et</span> <span class='ocrx_word' id='word_1_227' title='bbox 702 2600 889 2662; x_wconf 89' lang='lat' dir='ltr'>longam</span> <span class='ocrx_word' id='word_1_228' title='bbox 916 2601 1064 2647; x_wconf 92' lang='lat' dir='ltr'>multa</span> <span class='ocrx_word' id='word_1_229' title='bbox 1087 2600 1132 2646; x_wconf 85' lang='lat' dir='ltr'>vi</span> <span class='ocrx_word' id='word_1_230' title='bbox 1159 2600 1342 2647; x_wconf 91' lang='lat' dir='ltr'>muniet</span> <span class='ocrx_word' id='word_1_231' title='bbox 1365 2601 1554 2648; x_wconf 88' lang='lat' dir='ltr'>Albam.</span> 
     </span>
     <span class='ocr_line' id='line_1_37' title="bbox 337 2667 1458 2728; baseline 0.001 -15"><span class='ocrx_word' id='word_1_232' title='bbox 337 2667 416 2713; x_wconf 87' lang='lat' dir='ltr'>hic</span> <span class='ocrx_word' id='word_1_233' title='bbox 442 2667 534 2713; x_wconf 90' lang='lat' dir='ltr'>iam</span> <span class='ocrx_word' id='word_1_234' title='bbox 561 2681 632 2714; x_wconf 91' lang='lat' dir='ltr'>ter</span> <span class='ocrx_word' id='word_1_235' title='bbox 659 2680 852 2714; x_wconf 88' lang='lat' dir='ltr'>centum</span> <span class='ocrx_word' id='word_1_236' title='bbox 878 2680 996 2714; x_wconf 89' lang='lat' dir='ltr'>totos</span> <span class='ocrx_word' id='word_1_237' title='bbox 1022 2667 1290 2728; x_wconf 92' lang='lat' dir='ltr'>regnabitur</span> <span class='ocrx_word' id='word_1_238' title='bbox 1315 2684 1458 2714; x_wconf 90' lang='lat' dir='ltr'>annos</span> 
     </span>
     <span class='ocr_line' id='line_1_38' title="bbox 339 2734 1466 2795; baseline 0 -15"><span class='ocrx_word' id='word_1_239' title='bbox 339 2747 480 2795; x_wconf 92' lang='lat' dir='ltr'>gente</span> <span class='ocrx_word' id='word_1_240' title='bbox 507 2734 593 2781; x_wconf 89' lang='lat' dir='ltr'>sub</span> <span class='ocrx_word' id='word_1_241' title='bbox 620 2735 874 2791; x_wconf 88' lang='lat' dir='ltr'>Hectorea,</span> <span class='ocrx_word' id='word_1_242' title='bbox 899 2734 1047 2780; x_wconf 90' lang='lat' dir='ltr'>donec</span> <span class='ocrx_word' id='word_1_243' title='bbox 1074 2734 1233 2795; x_wconf 86' lang='lat' dir='ltr'>regina</span> <span class='ocrx_word' id='word_1_244' title='bbox 1259 2734 1466 2781; x_wconf 88' lang='lat' dir='ltr'>sacerdos</span> 
     </span>
    </p>
   </div>
  </div>
 </body>
</html>
