1866 3208
294 265 370 306 340
741 252 785 290 P.
816 249 1052 289 VERGILI
1080 250 1338 288 MARONIS

358 357 526 406 infelix
552 357 674 418 fugit
699 356 748 402 in
774 355 929 402 iaculo
955 355 1181 402 stridente
1209 354 1429 402 Camilla.

358 438 404 472 at
431 424 673 478 MetabuS,
698 438 864 483 magna
890 421 1082 484 propius
1106 422 1198 469 iam
1224 433 1454 483 urguente
1479 433 1679 478 caterva,

358 492 437 538 dat
462 506 559 536 sese
584 488 744 545 fluvio,
772 501 915 551 atque
940 489 1119 536 hastam
1145 505 1255 536 cum
1281 487 1461 548 virgine
1485 487 1636 535 victor

306 555 309 558 ’
359 556 600 619 gramineo
625 555 807 602 donum
834 554 1027 601 Triviae
1052 555 1110 602 de
1137 554 1341 616 caespite
1367 553 1516 601 vellit.

360 639 454 670 non
480 623 618 668 illum
645 621 784 668 tectis
811 621 954 678 ullae,
980 638 1075 668 non
1102 621 1350 668 moenibus
1378 621 1512 666 urbes

359 705 599 751 accepere,
627 704 782 751 neque
808 687 907 749 ipse
934 704 1098 734 manus
1124 687 1310 734 feritate
1335 687 1571 744 dedisset;

358 768 600 819 pastorum
626 768 672 801 et
699 754 807 800 solis
834 754 990 815 exegit
1016 754 1256 801 montibus
1282 769 1465 800 aevum.
1766 796 1769 798 .

359 822 437 869 hic
465 835 621 868 natam
647 821 696 867 in
721 821 876 867 dumis
903 821 1121 884 interque
1146 819 1384 867 horrentia
1409 820 1553 866 lustra
1729 834 1801 874 570⁴

360 888 627 936 armentalis
655 904 802 950 equae
829 887 1047 934 mammis
1075 900 1121 934 et
1146 888 1270 934 lacte
1296 886 1451 933 ferino

360 955 585 1010 nutribat,
613 954 786 1000 teneris
813 953 1081 1014 inmulgens
1108 954 1250 1001 ubera
1274 953 1428 1000 labris.

361 1035 509 1097 utque
535 1021 709 1082 pedum
736 1020 900 1082 primis
927 1020 1081 1066 infans
1108 1020 1300 1081 vestigia
1324 1019 1499 1082 plantis

360 1088 609 1144 institerat,
635 1087 790 1133 iaculo
816 1087 993 1148 palmas
1019 1087 1214 1134 armavit
1239 1100 1394 1144 acuto,

360 1155 634 1217 spiculaque
659 1171 717 1200 ex
744 1170 909 1200 umero
934 1170 1100 1215 parvae
1126 1153 1370 1227 suspendit
1397 1166 1441 1199 et
1467 1168 1642 1199 arcum.

360 1239 443 1284 pro
469 1220 634 1267 crinali
661 1237 786 1295 auro,
813 1237 897 1282 pro
924 1220 1088 1280 longae
1115 1219 1321 1294 tegmine
1346 1219 1511 1281 pallae,

361 1287 539 1348 tigridis
566 1287 760 1333 exuviae
786 1303 869 1348 per
895 1286 1084 1332 dorsum
1111 1303 1135 1332 a
1159 1286 1335 1332 vertice
1360 1285 1586 1347 pendent.

361 1355 454 1401 tela
478 1370 622 1400 manu
648 1353 740 1399 iam
767 1366 868 1399 tum
896 1366 1057 1399 tenera
1080 1352 1280 1414 puerilia
1308 1351 1457 1408 torsit,

363 1434 409 1467 et
434 1420 632 1466 fundam
659 1420 795 1466 tereti
823 1420 1004 1466 circum
1032 1432 1173 1481 caput
1199 1418 1292 1479 egit
1317 1418 1515 1473 habena,

364 1487 777 1549 Strymoniamque
803 1503 964 1547 gruem
993 1499 1073 1532 aut
1100 1485 1260 1531 album
1285 1484 1460 1531 deiecit
1485 1484 1681 1530 olorem.

360 1554 537 1601 multae
564 1553 694 1605 illam
721 1553 888 1599 frustra
917 1552 1164 1613 Tyrrhena
1190 1568 1270 1613 per
1295 1550 1466 1613 oppida
1489 1563 1659 1597 matres

360 1634 579 1682 optavere
605 1636 810 1675 nurum3
848 1619 943 1666 sola
969 1631 1195 1665 contenta
1221 1617 1392 1675 Diana,

361 1700 606 1733 aeternum
634 1687 837 1733 telorum
867 1699 913 1732 et
940 1685 1219 1746 virginitatis
1245 1700 1451 1731 amorem

360 1753 641 1800 intemerata
666 1752 797 1798 colit.
871 1752 1042 1797 vellem
1070 1751 1194 1797 haud
1220 1763 1437 1813 correpta
1462 1749 1626 1797 fuisset

361 1819 532 1865 militia
559 1818 656 1875 tali,
685 1831 852 1864 conata
880 1819 1106 1864 lacessere
1139 1817 1354 1863 Teucros
1377 1837 1390 1873 3

361 1902 465 1932 cara
490 1885 607 1931 mihi
635 1885 963 1947 comitumque
993 1884 1113 1930 foret
1140 1900 1268 1930 nunc
1297 1900 1389 1929 una
1414 1899 1642 1929 mearum.

360 1968 524 1998 verum
550 1968 646 2012 age,
673 1951 1061 2013 quandoquidem
1090 1950 1194 1996 fatis
1222 1962 1449 2011 urguetur
1474 1948 1665 2006 acerbis,

362 2018 530 2076 labere,
557 2018 801 2079 Nympha,
829 2018 957 2079 polo,
989 2017 1200 2079 finesque
1225 2016 1374 2062 invise
1401 2015 1611 2073 Latinos,

362 2084 505 2131 tristis
531 2084 610 2130 ubi
638 2084 846 2130 infausto
877 2083 1198 2130 committitur
1222 2083 1382 2129 om‘ine
1407 2099 1581 2144 pugna.

361 2153 475 2198 haec
503 2168 632 2213 cape,
655 2163 701 2197 et
729 2150 950 2197 ultricem
977 2152 1192 2212 pharetra
1217 2150 1442 2212 deprome
1461 2148 1676 2210 sagittam
1700 2166 1710 2195 :

361 2219 465 2275 hac,
492 2218 783 2280 quicumque
812 2234 994 2264 sacrum
1023 2216 1209 2263 violarit
1233 2216 1431 2263 vulnere
1457 2232 1641 2277 corpus,

364 2284 486 2330 Tros
513 2285 735 2341 Italusve‚
764 2284 883 2330 mihi
913 2283 1084 2346 pariter
1109 2284 1189 2329 det
1215 2282 1440 2343 sanguine
1464 2298 1651 2344 poenaS.

362 2363 467 2411 post
493 2367 578 2410 ego
604 2350 731 2396 nube
760 2367 872 2396 cava
899 2350 1189 2396 miserandae
1216 2365 1384 2410 corpus
1411 2360 1457 2394 et
1482 2363 1606 2393 arma

363 2416 612 2478 inspoliata
638 2417 782 2462 feram
811 2417 1010 2472 tumulo,
1038 2415 1309 2477 patriaeque
1335 2414 1592 2476 reponam.’

363 2482 485 2528 dixit
507 2503 521 2538 3
558 2496 604 2529 at
629 2482 712 2528 illa
737 2483 860 2528 leves
889 2482 1004 2528 caeli
1034 2482 1220 2543 delapsa
1243 2497 1325 2542 per
1349 2497 1477 2527 auras

363 2548 591 2606 insonuit,
619 2549 753 2610 nigro
778 2548 1067 2594 circumdata
1092 2547 1281 2594 turbine
1308 2564 1492 2609 corpus.

431 2628 476 2662 at
500 2632 667 2662 manus
693 2615 873 2662 interea
897 2614 1042 2661 muris
1070 2614 1278 2660 Troiana
1302 2614 1590 2676 propinquat
1622 2673 1628 2676 .

363 2683 645 2745 Etruscique
670 2682 813 2728 duces
839 2681 1148 2744 equitumque
1174 2680 1410 2727 exercitus
1433 2679 1603 2736 omnis,

422 2770 496 2809 574
526 2759 695 2797 oneravit
717 2758 821 2797 Serv.
952 2768 1026 2808 592
1056 2758 1259 2807 Italusque.
1386 2766 1459 2808 595
1492 2756 1660 2795 demissa,
