1861 3256
584 253 859 292 AENEIDos
888 252 992 292 LIB.
1020 251 1084 290 111
1520 260 1589 300 151

158 376 205 411 et
229 380 323 427 quo
349 377 587 426 quemque
612 360 756 406 modo
783 359 1028 423 fugiasque
1054 359 1270 422 ferasque
1296 357 1526 416 laborem,

157 430 396 493 expediet,
423 445 676 491 cursusque
702 426 836 473 dabit
860 440 1084 474 venerata
1110 425 1360 473 secundos·
1529 439 1592 479 460

154 499 272 545 haec
299 509 422 555 sunt,
449 512 568 559 quae
594 507 751 541 nostra
778 493 922 540 liceat
948 507 995 540 te
1020 511 1137 541 voce
1164 492 1365 540 moneri.

154 565 275 611 vade
302 581 385 625 age
413 576 459 610 et
484 562 733 623 ingentem
759 559 895 608 factis
923 561 995 607 fer
1021 561 1080 607 ad
1106 561 1299 607 aethera
1326 558 1559 606 Troiam.’

222 649 343 694 quae
367 643 618 694 postquam
642 641 772 693 vates
799 627 864 675 sic
891 644 972 674 ore
1000 629 1166 674 effatus
1193 627 1347 674 amico
1376 641 1459 685 est,

154 698 280 744 dona
305 698 482 744 dehinc
509 714 621 743 auro
644 694 803 758 gravia
828 707 1053 758 sectoque
1082 695 1342 769 elephanto

153 764 358 827 imperat
383 765 441 811 ad
467 781 608 810 naves
635 761 763 820 ferri,
791 761 1030 825 stipatque
1056 761 1229 808 carinis

153 831 322 893 ingens
349 844 598 892 argentum
623 829 1011 891 Dodonaeosque
1038 828 1233 886 lebetas,

154 899 353 945 loricam
380 911 649 945 consertam
674 896 827 943 hamis
854 912 1063 959 auroque
1090 894 1314 954 trilicem,

156 978 203 1012 et
228 982 406 1012 conum
432 964 628 1026 insignis
655 964 816 1026 galeae
843 963 1102 1026 cristasque
1128 975 1390 1020 comantes,

155 1049 282 1079 arma
308 1031 642 1095 Neoptolemi.
716 1043 827 1078 sunt
854 1042 901 1078 et
928 1048 1008 1077 sua
1034 1030 1160 1076 dona
1183 1028 1391 1093 parenti.

154 1099 286 1146 addit
313 1117 456 1162 equos
483 1099 710 1162 additque
737 1099 898 1156 duces,
1535 1119 1598 1150 470

153 1167 406 1228 remigium
432 1167 639 1229 supplet,
667 1165 816 1213 socios
843 1164 984 1212 simul
1011 1163 1205 1211 instruit
1229 1163 1384 1210 armis.

220 1234 405 1281 interea
432 1234 629 1281 classem
654 1233 773 1280 velis
801 1246 962 1296 aptare
988 1231 1184 1279 iubebat

153 1301 404 1360 Anchises,
431 1301 568 1348 fieret
593 1313 740 1348 vento
767 1317 898 1346 mora
924 1317 986 1346 ne
1012 1316 1104 1362 qua
1130 1297 1324 1345 ferenti.

155 1386 299 1431 quem
328 1368 510 1414 Phoebi
536 1368 772 1430 interpres
800 1367 955 1414 multo
981 1367 1243 1429 compellat
1268 1367 1453 1412 honore
1479 1382 1489 1411 ι

152 1435 390 1496 coniugio,
416 1435 643 1493 Anchisa,
672 1434 876 1482 Veneris
903 1434 1098 1495 dignate
1124 1433 1343 1496 superbo,

154 1520 266 1550 cura
290 1503 448 1560 deum,
476 1502 544 1548 bis
575 1502 844 1564 Pergameis
872 1514 1035 1564 erepte
1060 1500 1225 1558 ruinis,

156 1587 268 1617 ecce
297 1569 383 1616 tibi
407 1569 652 1616 Ausoniae
681 1570 821 1616 tellus
847 1588 857 1616 z
894 1570 1020 1615 hanc
1047 1567 1200 1630 arripe
1226 1566 1360 1614 velis.

156 1650 204 1684 et
230 1650 390 1690 tamen
415 1638 540 1683 hanc
566 1636 737 1699 pelago
763 1635 1112 1699 praeterlabare
1139 1650 1334 1680 necesse
1363 1646 1431 1679 est
1457 1651 1466 1679 :

152 1704 393 1751 Ausoniae
417 1721 524 1766 pars
549 1703 632 1750 illa
658 1703 844 1766 procul,
873 1719 1015 1765 quam
1038 1700 1209 1764 pandit
1233 1700 1427 1763 Apollo.

153 1771 304 1829 vade,’
331 1771 411 1829 ait,
441 1774 496 1817 ‘o
522 1770 641 1817 felix
669 1770 769 1816 nati
797 1769 993 1832 pietate.
1066 1767 1183 1832 quid
1207 1768 1332 1814 ultra
1537 1781 1599 1821 480

152 1839 391 1902 provehor
418 1851 465 1884 et
491 1837 637 1884 fando
665 1850 910 1899 surgentes
937 1836 1160 1883 demoror
1183 1835 1380 1881 Austros
1403 1838 1417 1880 ?
1437 1834 1447 1854 ’

154 1923 243 1952 nec
269 1904 427 1951 minus
452 1905 792 1951 Andromache
820 1904 1028 1965 digressu
1055 1916 1231 1950 maesta
1257 1918 1481 1965 supremo

154 1973 247 2019 fert
271 1972 528 2035 picturatas
555 1971 655 2018 auri
683 1971 985 2032 subtegmine
1010 1983 1162 2017 vestes

155 2052 202 2086 et
222 2038 482 2102 Phrygiam
506 2038 713 2086 Ascanio
741 2038 1062 2101 chlamydem,
1090 2054 1180 2084 nec
1205 2036 1338 2084 cedit
1362 2037 1562 2092 honore,

154 2106 499 2170 textilibusque
525 2119 692 2153 onerat
717 2105 854 2152 donis
882 2123 934 2153 ac
962 2105 1073 2152 talia
1099 2105 1259 2151 fatur:

121 2174 314 2237 ‘accipe
376 2187 423 2220 et
481 2174 617 2232 haec,
678 2189 909 2220 manuum
971 2172 1058 2219 tibi
1118 2189 1238 2235 quae
1298 2169 1598 2218 monimenta

288 2258 502 2288 mearum

155 2307 264 2366 sint,
284 2325 418 2371 puer,
442 2321 488 2354 et
508 2308 706 2369 longum
724 2307 1093 2354 Andromachae
1113 2318 1349 2353 testentur
1370 2321 1595 2361 amorem,

157 2375 367 2436 coniugis
394 2375 685 2422 Hectoreae.
759 2392 874 2438 cape
901 2374 1026 2421 dona
1054 2386 1267 2420 extrema
1291 2386 1499 2431 tuorum,

157 2458 184 2486 0
210 2441 327 2496 rukhi
354 2443 452 2489 sola
475 2442 570 2489 mei
598 2459 738 2505 super
762 2440 1064 2504 Astyanactis
1089 2441 1260 2501 imago.

157 2507 223 2554 sic
249 2509 426 2567 oculos,
453 2509 516 2556 sic
542 2509 628 2556 ille
654 2526 837 2567 manus,
866 2508 931 2556 sic
959 2526 1038 2555 ora
1063 2508 1263 2566 ferebat,
1538 2529 1599 2560 490

159 2587 207 2620 et
233 2591 362 2621 nunc
388 2576 572 2639 aequali
601 2589 761 2623 tecum
786 2547 1071 2638 piibesceret
1097 2575 1246 2622 aevo?

154 2628 243 2686 hos
271 2657 355 2701 ego
381 2641 648 2702 digrediens
674 2643 880 2690 lacrimis
906 2643 1100 2689 adfabar
1125 2640 1337 2688 obortis:

127 2707 302 2753 ‘vivite
329 2706 510 2765 felices,
539 2709 706 2771 quibus
734 2722 802 2755 est
829 2710 1022 2755 fortuna
1046 2724 1238 2771 peracta

414 2793 490 2833 475
521 2784 953 2824 Anchisae=Anchise.
1009 2785 1090 2834 484
1118 2784 1269 2822 honori.
