1861 3256
712 247 757 285 P.
786 245 1020 284 VERGILI
1050 245 1308 284 MARONIS

328 353 410 401 flos
436 355 494 401 ad
516 353 668 417 prima
693 365 832 399 tenax
855 373 870 410 ;
906 353 1082 399 animas
1109 367 1155 400 et
1180 352 1357 399 olentia
1383 353 1522 399 Medi

328 439 408 468 ora
433 422 597 467 fovent
621 420 706 465 illo
732 432 778 465 et
804 419 991 466 senibus
1016 420 1312 466 medicantur
1337 420 1537 466 anhelis.

368 528 372 531 .
395 487 476 534 sed
500 502 656 548 neque
686 486 944 533 Medorum
969 487 1124 543 silvae,
1152 487 1379 532 ditissima
1404 498 1545 543 terra,

328 571 414 600 nec
440 553 640 615 pulcher
666 551 856 612 Ganges
882 565 1022 617 atque
1050 571 1160 599 auro
1185 553 1396 599 turbidus
1422 552 1631 599 Hermus

327 619 540 666 laudibus
566 618 731 664 Italiae
758 632 959 676 certent,
985 637 1082 665 non
1109 620 1277 665 Bactra
1303 636 1458 681 neque
1485 619 1594 666 Indi

327 698 520 747 totaque
536 679 754 731 turiferis
784 685 1019 732 Panchaia
1042 685 1228 747 pinguis
1253 685 1453 732 harenis.

325 754 440 798 haec
467 752 570 797 loca
594 768 691 797 non
718 752 836 798 tauri
864 752 1088 826 spirantes
1116 751 1339 797 naribus
1328 768 1488 812 ignem
1696 778 1757 808 140

325 818 562 864 invertere
588 818 694 864 satis
721 818 822 864 inm
889 818 925 864 is
952 819 1174 865 dentibus
1200 818 1354 880 hydri,

326 901 414 930 nec
441 884 585 944 galeis
612 884 766 930 densis
839 902 862 931 e
890 885 1043 932 virum
1070 902 1197 946 seges
1221 884 1402 931 horruit
1427 885 1568 931 hastis
1591 906 1604 941 ;

326 951 404 997 sed
430 950 646 1010 gravidae
673 951 830 1012 fruges
855 964 902 998 et
929 952 1103 998 Bacchi
1133 952 1363 997 Massicus
1389 968 1526 997 umor

324 1018 604 1079 inplevere3
642 1029 810 1063 tenent
835 1019 966 1064 oleae
992 1031 1293 1081 armentaque
1320 1019 1454 1064 laeta.

324 1084 436 1130 hinc
465 1084 664 1129 bellator
691 1100 836 1146 equus
862 1101 1030 1147 campo
1055 1102 1149 1131 sese
1175 1086 1344 1131 arduus
1369 1085 1513 1131 infert
1529 1105 1543 1141 ;

324 1151 436 1196 hinc
465 1150 575 1206 albi,
603 1149 871 1207 Clitumne,
896 1167 1053 1212 greges
1079 1164 1125 1197 et
1150 1152 1353 1197 maxima
1377 1166 1532 1198 taurus

325 1217 537 1274 victima,
562 1234 697 1278 saepe
727 1231 807 1262 tuo
832 1218 1005 1278 perfusi
1032 1217 1228 1263 flumine
1253 1235 1393 1275 sacro,

326 1284 564 1329 Romanos
590 1283 648 1329 ad
674 1284 852 1345 templa
876 1283 1017 1330 deum
1042 1285 1219 1330 duxere
1245 1284 1521 1346 triumphos.

323 1350 401 1395 hic
430 1367 510 1395 ver
533 1350 780 1396 adsiduum
808 1362 948 1412 atque
976 1350 1138 1396 alienis
1164 1351 1400 1396 mensibus
1425 1364 1598 1397 aestas:

326 1416 394 1462 bis
419 1416 635 1477 gravidae
662 1417 883 1478 pecudes,
911 1417 977 1462 bis
1003 1417 1152 1479 pomis
1179 1417 1305 1463 utilis
1332 1417 1478 1464 arbos,
1697 1442 1758 1471 150

326 1496 372 1529 at
396 1483 583 1530 rabidae
611 1483 752 1544 tigres
778 1483 946 1530 absunt
973 1497 1019 1530 et
1046 1501 1175 1530 saeva
1200 1484 1392 1530 leonum

325 1550 518 1606 semina,
544 1567 632 1596 nec
661 1550 851 1596 miseros
876 1551 1050 1596 fallunt
1076 1551 1259 1597 aconita
1284 1551 1506 1610 legentes,

326 1633 413 1662 nec
439 1616 561 1678 rapit
587 1617 826 1663 inmensos
852 1618 985 1664 orbes
1011 1635 1093 1678 per
1117 1619 1333 1674 humum,
1359 1634 1512 1680 neque
1536 1630 1668 1664 tanto

324 1699 571 1746 squameus
597 1683 646 1729 in
673 1684 843 1745 spiram
871 1697 1022 1730 tractu
1049 1701 1094 1730 se
1121 1684 1303 1745 colligit
1327 1685 1504 1745 anguis.

326 1749 441 1795 adde
468 1762 538 1796 tot
565 1750 765 1810 egregias
793 1750 928 1796 urbes
956 1767 1242 1813 operumque
1269 1751 1491 1808 laborem,

326 1829 396 1862 tot
422 1830 643 1876 congesta
668 1833 810 1863 manu
838 1818 1098 1879 praeruptis
1124 1817 1294 1879 oppida
1318 1818 1434 1863 saxis

325 1881 617 1945 fluminaque
642 1883 857 1946 antiquos
884 1884 1039 1929 subter
1066 1884 1269 1930 labentia
1292 1901 1463 1931 muros.

326 1967 383 1995 an
411 1966 537 1995 mare
564 1949 687 2012 quod
715 1967 849 2012 supra
875 1967 1149 2006 memorem,
1175 1951 1391 2014 quodque
1418 1951 1567 1997 adluit
1591 1950 1745 1997 infra?

325 2033 447 2062 anne
474 2017 603 2062 lacus
629 2021 810 2063 tantos?
882 2030 944 2073 te,
971 2017 1077 2062 Lari
1103 2034 1322 2074 max1me,
1350 2031 1504 2080 teque,

326 2082 547 2129 fluctibus
573 2096 620 2129 et
646 2083 837 2130 fremitu
866 2084 1112 2144 adsurgens
1139 2084 1324 2130 Benace
1351 2084 1561 2130 marino?
1700 2100 1760 2131 160

327 2167 383 2194 an
404 2166 670 2214 Jnemorem
697 2165 854 2212 portus
883 2151 1189 2213 Lucrinoque
1216 2151 1369 2196 addita
1394 2152 1591 2197 claustra

327 2230 466 2277 atque
492 2217 789 2277 indignatum
817 2217 995 2278 magnis
1023 2217 1290 2263 stridoribus
1317 2234 1504 2282 aequor,
1556 2234 1558 2237 ·

328 2282 449 2327 Iulia
475 2300 563 2345 qua
588 2297 734 2345 ponto
760 2285 898 2358 longe
928 2297 1059 2330 sonat
1087 2284 1211 2330 unda
1236 2285 1390 2330 refuso

328 2348 700 2412 Tyrrhenusque
727 2351 855 2397 fretis
882 2350 1142 2397 inmittitur
1167 2364 1312 2396 aestus
1337 2350 1568 2396 Avernis?

328 2416 443 2460 haec
472 2416 633 2461 eadem
661 2417 839 2477 argenti
867 2417 938 2462 riv
940 2435 986 2463 os
1015 2417 1222 2480 aerisque
1249 2417 1438 2462 metalla

328 2481 531 2527 ostendit
556 2483 684 2528 venis
711 2496 848 2557 atque
875 2501 987 2529 auro
1014 2484 1216 2544 plurima
1240 2483 1394 2530 fluxit.

281 2549 445 2593 *haec
471 2564 616 2609 genus
643 2565 747 2595 acre
774 2549 943 2607 virum,
975 2550 1155 2595 Marsos
1182 2549 1449 2612 pubemque
1477 2549 1724 2607 Sabellam,

328 2614 666 2678 adsuetumque
693 2616 815 2661 malo
841 2616 1080 2676 Ligurem,
1108 2617 1396 2679 Volscosque
1423 2629 1606 2662 verutos

330 2681 531 2737 extulit3
566 2682 680 2728 haec
708 2681 899 2739 DeciOS,
929 2682 1121 2739 Marios,
1147 2699 1431 2746 magnosque
1459 2683 1698 2738 Camillos,

863 2771 935 2810 134
965 2758 1144 2808 adprima.
