1861 3256
544 242 819 281 AENEIDOS
849 243 953 281 LIB.
981 243 1024 281 ΙΙ
1465 253 1537 290 129

103 351 317 400 custodes
341 351 533 398 sufferre
558 350 732 396 valent.
806 350 928 396 labat
954 350 1097 397 ariete
1124 349 1286 396 crebro

102 420 254 476 ianua,
283 432 330 465 et
355 417 497 465 emoti
522 416 846 479 procumbunt
872 418 1062 464 cardine
1086 431 1254 480 postes.

103 485 156 532 fit
180 486 253 531 via
278 486 323 531 vi
348 504 358 532 ε
395 496 623 546 rumpunt
648 483 812 539 aditu5‚
839 484 1107 547 primosque
1133 483 1373 530 trucidant

102 553 280 598 inmissi
306 551 474 607 Danai,
501 564 546 596 et
571 551 662 596 late
689 550 792 595 loca
815 550 967 596 milite
995 552 1251 614 complent.

103 636 199 665 non
227 619 305 676 sic,
334 617 574 693 aggeribus
597 616 745 691 ruptis
771 633 881 662 cum
908 634 1124 679 spumeus
1151 617 1300 664 amnis

103 686 219 732 exiit
244 686 567 760 oppositasque
594 683 735 730 evicit
760 683 940 744 gurgite
966 685 1126 741 moles,

103 753 286 799 fertur
275 770 324 798 in
352 770 458 798 arva
483 752 640 797 furens
667 751 878 806 cumulo,
905 767 1187 814 camposque
1213 768 1297 814 per
1322 767 1484 797 omnes

103 836 214 866 cum
241 819 432 865 stabulis
457 832 668 864 armenta
694 817 852 864 trahit.
924 818 1020 863 vidi
1048 818 1146 881 ipse
1173 819 1411 865 furentem

103 887 245 932 caede
273 886 666 948 Neoptolemum,
691 884 995 947 geminosque
1022 884 1072 930 in
1100 885 1266 931 limine
1291 885 1477 931 Atridas
1502 903 1513 931 :

101 953 196 998 vidi
242 953 498 999 Hecubam
541 965 831 1015 centumque
873 968 1034 1008 nurUS,
1078 952 1409 1016 Priamumque
1458 968 1542 1015 per

237 1037 330 1065 araS
1481 1042 1540 1072 501

102 1087 328 1147 sanguine
355 1086 624 1132 foedantem
652 1103 764 1149 quos
790 1085 889 1148 ipse
916 1099 1173 1133 sacraverat
1198 1086 1344 1147 ignes.

102 1154 442 1216 quinquaginta
467 1153 538 1199 illi
565 1153 772 1208 thalami,
802 1170 904 1215 spes
931 1167 1059 1200 tanta
1083 1168 1326 1216 nepotum,

103 1220 344 1266 barbarico
368 1235 521 1282 postes
548 1238 657 1266 auro
685 1220 936 1283 spoliisque
963 1220 1169 1283 superbi,

99 1287 395 1351 procubuere
420 1307 430 1335 ε
469 1301 636 1334 tenent
660 1287 832 1344 Danai,
859 1305 950 1351 qua
974 1287 1134 1334 deficit
1159 1287 1294 1347 ignis.

170 1355 360 1401 forsitan
386 1368 432 1401 et
460 1354 634 1400 Priami
661 1354 839 1401 fuerint
865 1372 981 1417 quae
1009 1354 1114 1410 fata,
1141 1354 1362 1417 requiras.

102 1421 228 1467 urbis
254 1421 321 1467 uti
348 1435 509 1483 captae
536 1439 693 1468 casum
720 1423 1038 1484 convulsaque
1063 1421 1183 1467 vidit

101 1488 268 1534 limina
293 1502 544 1545 tectorum,
571 1502 618 1535 et
642 1488 854 1535 medium
880 1488 929 1534 in
955 1487 1275 1551 penetralibus
1298 1489 1496 1544 hostem,

102 1572 227 1601 arma
252 1555 333 1601 diu
360 1555 514 1601 senior
539 1555 728 1601 desueta
755 1556 1065 1601 trementibus
1091 1572 1207 1601 aevo

102 1622 365 1668 circumdat
390 1622 679 1685 nequiquam
705 1622 893 1677 umeriS,
923 1636 969 1668 et
994 1622 1165 1668 inutile
1191 1622 1368 1668 ferrum
1482 1645 1545 1675 510

102 1689 324 1750 cingitur,
350 1706 401 1735 ac
428 1689 592 1735 densos
618 1690 765 1735 fertur
790 1689 1042 1735 moriturus
1068 1688 1116 1733 in
1143 1689 1312 1735 hostes.

103 1756 292 1802 aedibus
319 1755 368 1801 in
394 1756 560 1801 mediis
587 1755 810 1818 nudoque
837 1755 921 1801 sub
948 1755 1147 1802 aetheris
1175 1772 1260 1802 axe

101 1823 266 1884 ingens
293 1840 369 1868 ara
394 1822 483 1868 fuit
509 1823 733 1886 iuxtaque
760 1822 1012 1869 veterrima
1037 1823 1209 1879 laurus,

99 1889 381 1936 incumbens
407 1907 508 1936 arae
534 1904 673 1952 atque
700 1890 865 1936 umbra
890 1890 1140 1953 complexa
1167 1891 1381 1937 Penates.

100 1957 177 2003 hic
205 1957 410 2003 Hecuba
435 1970 481 2003 et
507 1972 640 2003 natae
669 1956 958 2020 nequiquam
984 1957 1144 2011 altaria
1169 1957 1368 2013 circum,

98 2024 377 2087 praecipites
405 2038 498 2069 atra
524 2041 611 2070 ceu
639 2038 917 2086 tempestate
945 2024 1212 2081 columbae,

101 2091 364 2137 condensae
391 2105 436 2137 et
462 2091 620 2137 divom
648 2091 891 2153 amplexae
919 2091 1169 2137 simulacra
1194 2090 1433 2138 sedebant.

100 2157 255 2220 ipsum
281 2171 437 2204 autem
464 2157 660 2220 sumptis
689 2158 926 2204 Priamum
952 2157 1240 2218 iuvenilibus
1265 2157 1403 2203 armis

101 2238 153 2271 ut
178 2225 310 2283 vidit,
341 2231 353 2251 ‘
370 2242 486 2287 quae
512 2242 646 2270 mens
673 2238 767 2271 tam
793 2225 905 2281 dira,
933 2224 1194 2271 miserrime
1222 2224 1449 2282 coniunx,

102 2290 277 2353 inpulit
301 2292 372 2338 his
399 2291 525 2353 cingi
552 2291 655 2338 telis
677 2295 693 2337 ?
731 2306 808 2338 aut
835 2309 929 2356 quo
953 2291 1046 2338 ruis
1067 2290 1110 2338 ?'
1147 2291 1319 2355 inquit.
1480 2315 1543 2346 520

104 2374 198 2403 non
223 2359 303 2405 tali
331 2359 523 2416 auxilio,
550 2375 638 2405 nec
667 2359 991 2406 defensoribus
1016 2358 1112 2405 istis

103 2436 286 2486 tempus
312 2439 416 2487 eget
437 2446 452 2481 3
494 2443 607 2483 non,
634 2426 668 2472 si
695 2426 792 2488 ipse
818 2443 950 2473 meus
976 2443 1106 2472 nunc
1133 2426 1314 2473 adforet
1340 2425 1540 2473 Hector.

102 2491 197 2536 huc
223 2492 411 2539 tandem
437 2494 646 2540 concede
671 2514 684 2550 ;
720 2495 835 2539 haec
863 2511 938 2539 ara
964 2493 1174 2540 tuebitur
1199 2510 1378 2550 omnes,

103 2570 182 2603 aut
207 2558 403 2605 moriere
429 2559 597 2607 simul.'
668 2559 731 2606 sic
758 2577 836 2606 ore
863 2561 1002 2607 effata
1025 2560 1204 2622 recepit

103 2624 161 2669 ad
186 2640 294 2680 sese,
322 2638 367 2670 et
392 2643 516 2672 sacra
541 2627 822 2688 longaevum
848 2627 898 2673 in
926 2627 1030 2673 sede
1058 2627 1244 2673 locavit.

104 2708 216 2737 ecce
243 2704 399 2737 autem
425 2693 602 2754 elapsus
629 2693 791 2754 Pyrrhi
818 2694 875 2740 de
901 2694 1043 2740 caede
1071 2694 1260 2751 Polites,

105 2775 226 2804 unus
251 2771 468 2804 natorum
496 2758 686 2815 Priami,
710 2777 794 2821 per
819 2760 925 2815 tela,
951 2776 1035 2822 per
1058 2761 1212 2806 hostes

782 2841 811 2868 K
