1866 3208
555 233 832 273 AENEIDOS
862 232 965 272 LIB.
995 235 1036 272 V
1503 244 1575 282 199

139 344 378 408 quidquid
404 343 508 400 erit,
535 341 800 404 superanda
826 342 980 389 omnis
1006 343 1198 389 fortuna
1223 340 1425 388 ferendo
1451 346 1548 388 est(

139 425 208 458 est
235 411 320 457 tibi
347 408 617 457 Dardanius
644 408 835 455 divinae
862 409 1017 472 stirpis
1042 410 1266 456 Acestes:
1516 433 1575 462 711

137 480 269 525 hunc
297 493 413 540 cape
439 475 650 523 consiliis
677 474 860 521 socium
888 488 935 522 et
960 477 1200 537 coniunge
1225 475 1503 531 volentem3

138 545 252 592 huic
280 544 428 600 trade,
453 542 632 589 amissis
659 555 887 604 superant
912 543 993 606 qui
1021 543 1236 601 navibus,
1264 555 1310 589 et
1335 559 1452 605 quos

137 624 407 675 pertaesum
433 609 592 671 magni
619 609 801 672 incepti
830 626 1085 673 rerumque
1112 623 1302 657 tuarum
1328 622 1428 666 est3

138 680 486 740 longaevosque
513 694 646 724 senes
674 693 727 723 ac
755 676 895 723 fessas
923 694 1127 739 aequore
1154 690 1343 735 matres,

137 759 184 792 et
210 744 444 808 quidquid
473 757 633 791 tecum
659 743 927 790 invalidum
952 757 1268 807 metuensque
1293 743 1463 807 pericli
1491 756 1576 801 est,

136 812 305 873 delige,
333 824 380 858 et
405 811 478 857 his
503 811 713 857 habeant
741 810 875 857 terris
903 811 1005 857 sine
1030 811 1221 857 moenia
1247 812 1354 858 fessi
1375 830 1385 858 ε

136 879 302 925 urbem
329 879 644 941 appellabunt
668 877 898 941 permisso
925 878 1120 924 nomine
1145 878 1402 925 Acestam.'

202 946 377 992 talibus
403 945 626 992 incensus
653 945 793 992 dictis
821 945 1018 992 senioris
1044 945 1183 992 amici

135 1025 238 1060 tum
263 1030 376 1059 vero
401 1012 451 1058 in
479 1029 613 1059 curas
640 1012 802 1059 animo
829 1012 1075 1059 diducitur
1099 1030 1281 1060 omnes.
1517 1037 1580 1067 720

136 1093 182 1127 et
208 1097 303 1126 nox
330 1093 428 1127 atra
452 1080 620 1143 polum
648 1079 766 1141 bigis
794 1080 1020 1127 subvecta
1046 1080 1272 1126 tenebat:

134 1147 231 1194 visa
257 1147 433 1194 dehinc
460 1147 594 1194 caelo
621 1147 767 1194 facies
794 1147 986 1209 delapsa
1010 1147 1221 1210 parentis

133 1214 373 1261 Anchisae
400 1214 557 1267 subito
584 1215 700 1261 tales
729 1214 976 1261 effundere
1003 1231 1171 1262 voces:

105 1288 116 1307 ‘
137 1294 265 1338 nate,
289 1282 408 1328 mihi
434 1282 532 1328 vita
558 1282 821 1345 quondam,
847 1282 963 1328 dum
988 1281 1086 1328 vita
1112 1281 1352 1339 manebat,

137 1366 241 1395 care
269 1348 429 1409 tnagi3‚
457 1362 583 1405 nate,
612 1349 772 1395 Iliacis
801 1349 1008 1396 exercite
1034 1349 1158 1408 fatis,

137 1415 339 1478 imperio
366 1415 491 1462 Iovis
517 1417 612 1462 huc
639 1415 800 1473 venio,
826 1416 907 1479 qui
934 1416 1158 1463 classibus
1185 1415 1346 1478 ignem

137 1482 339 1545 depulit,
367 1495 414 1529 et
440 1483 574 1529 caelo
600 1483 796 1530 tandem
823 1483 1071 1530 miseratus
1098 1484 1156 1530 ab
1183 1484 1280 1530 alto
1306 1496 1390 1530 est.

137 1549 347 1597 consiliis
372 1567 500 1612 pare,
527 1567 648 1613 quac
675 1567 805 1597 nunc
834 1550 1157 1613 pulcherrima
1191 1550 1377 1597 Nautes

138 1617 218 1663 dat
244 1617 430 1663 senior:
467 1617 615 1664 lectos
641 1617 853 1675 iuvenes,
881 1617 1135 1664 fortissima
1162 1617 1319 1675 corda,

137 1684 271 1730 defer
296 1683 347 1729 in
373 1684 595 1731 Italiam:
632 1701 746 1745 gens
772 1685 890 1730 dura
915 1698 1058 1747 atque
1086 1701 1247 1747 aspera
1273 1685 1408 1731 cultu
1520 1709 1583 1739 730

136 1750 424 1797 debellanda
450 1750 537 1797 tibi
563 1751 705 1797 Latio
732 1764 815 1799 est.
887 1751 1016 1798 Ditis
1042 1764 1204 1798 tamen
1230 1764 1342 1798 ante

135 1818 347 1864 infernas
374 1818 548 1864 accede
575 1818 756 1876 domos,
785 1832 832 1865 et
855 1819 1048 1865 Averna
1072 1836 1158 1882 per
1182 1819 1277 1865 alta

136 1901 410 1946 congressus
435 1898 563 1948 pete,
591 1898 715 1944 nate,
744 1903 890 1933 meos.
963 1903 1061 1932 non
1088 1903 1164 1933 me
1190 1886 1322 1949 inpia
1350 1902 1558 1949 namque

138 1952 341 1998 Tartara
366 1953 565 2010 habent,
591 1952 746 1999 tristes
774 1954 985 2012 umbrae,
1012 1954 1094 2000 sed
1120 1971 1320 2000 amoena
1345 1953 1537 2016 piorum

138 2019 343 2066 concilia
368 2019 681 2083 Elysiumque
708 2020 832 2068 6010.
903 2022 1000 2068 huc
1026 2034 1153 2068 casta
1182 2021 1362 2084 Sibylla

139 2086 379 2148 nigrarum
405 2087 558 2133 multo
583 2087 828 2150 pecudum
855 2101 902 2135 te
929 2088 1158 2150 sanguine
1184 2089 1344 2135 ducet.

139 2166 240 2199 tum
260 2170 409 2215 genus
429 2170 572 2200 omne
593 2167 746 2212 tuum,
765 2168 828 2212 et,
847 2172 968 2218 quae
989 2156 1166 2202 dentur
1186 2155 1392 2211 moenia,
1414 2155 1581 2201 disceS.

138 2220 328 2283 iamque
353 2221 488 2268 vale:
527 2234 717 2285 torquet
743 2222 925 2269 medios
952 2239 1047 2268 nox
1074 2222 1236 2268 umida
1263 2239 1441 2280 cursus,

142 2300 188 2334 et
210 2304 286 2334 me
313 2305 476 2350 saevus
504 2288 637 2352 equis
670 2288 846 2335 Oriens
873 2288 1067 2336 adflavit
1092 2289 1311 2336 anheli5.'

141 2351 351 2402 dixerat:
389 2368 436 2402 et
463 2368 631 2402 tenues
658 2356 780 2417 fugit
806 2374 894 2403 ceu
921 2357 1081 2403 fumus
1108 2356 1158 2402 in
1185 2374 1334 2404 auras.
1523 2381 1584 2410 740

141 2420 340 2479 Aeneas,
368 2426 380 2446 ‘
396 2439 490 2485 quo
515 2423 692 2470 deinde
718 2423 846 2470 ruis?
883 2441 978 2487 quo
1002 2423 1204 2487 proripis
1225 2424 1265 2471 ?’
1291 2424 1467 2488 inquit,

112 2490 123 2510 ‘
143 2503 286 2548 quem
311 2488 462 2549 fugis?
497 2503 580 2537 aut
604 2490 708 2554 quis
735 2502 782 2537 te
809 2491 979 2537 nostris
1007 2491 1340 2554 complexibus
1366 2502 1495 2538 arcet
1512 2490 1552 2536 ?'

142 2554 261 2599 haec
287 2570 552 2603 memorans
577 2557 790 2604 cinerem
817 2571 864 2605 et
890 2558 1066 2621 sopitos
1087 2558 1283 2605 suscitat
1308 2558 1471 2618 ignes3

146 2620 550 2684 Pergameumque
575 2624 748 2671 Larem
775 2638 822 2672 et
847 2642 994 2672 canae
1019 2625 1287 2688 penetralia
1312 2625 1488 2670 Vestae

142 2686 262 2733 farre
288 2686 367 2748 pio
394 2701 441 2734 et
463 2689 605 2750 plena
631 2692 832 2754 supplex
858 2706 1112 2739 veneratur
1137 2709 1311 2739 acerra.

507 2776 584 2813 720
612 2767 799 2806 animum.
857 2781 936 2818 734
964 2770 1150 2806 tristesve.
