1861 3256
506 269 838 307 GEORGICON
869 269 973 308 LIB.
1002 269 1066 306 III
1485 268 1533 318 65

105 390 268 425 monte
295 377 449 424 minor
472 376 760 439 procumbit,
788 389 832 422 at
857 377 951 423 ima
977 389 1212 424 exaestuat
1238 376 1363 422 unda
1477 402 1539 431 240

103 444 360 492 verticibus
385 443 660 506 nigramque
687 444 779 490 alte
805 444 1036 490 subiectat
1060 445 1299 490 harenam.

172 528 313 557 omne
333 511 446 558 adeo
464 527 610 571 genus
631 510 680 557 in
701 510 833 556 terris
859 511 1203 574 hominumque
1223 511 1535 574 ferarumque,

106 591 153 626 et
177 596 324 640 genus
349 594 648 641 aequoreum,
674 577 880 640 pecudes
905 578 1157 641 pictaeque
1182 578 1412 635 volucres,

105 646 155 692 in
182 645 322 692 furias
347 645 602 708 ignemque
628 658 805 692 ruunt:
844 662 974 690 amor
999 645 1219 691 omnibus
1244 645 1388 692 idem.

105 726 317 775 tempore
343 730 439 758 non
466 712 557 758 alio
583 712 849 759 catulorum
876 711 1023 758 oblita
1048 713 1210 758 leaena

104 780 281 826 saevior
306 779 473 826 erravit
498 779 690 841 campis,
718 795 806 825 nec
834 779 1000 825 funera
1025 780 1165 839 vulgo

104 859 200 894 tam
225 847 377 893 multa
400 846 624 892 informes
652 846 743 892 ursi
771 859 1068 909 stragemque
1094 846 1263 893 dedere

102 931 188 976 per
211 913 378 967 silvas3
415 927 517 960 tum
543 930 704 959 saevus
730 930 854 976 aper,
885 926 987 959 tum
1012 914 1211 988 pessima
1236 913 1393 974 tigris3

102 982 198 1027 heu
224 980 346 1026 male
372 993 475 1026 tum
500 980 677 1042 Libyae
705 980 812 1026 solis
840 993 1018 1026 erratur
1043 980 1092 1026 in
1120 981 1250 1041 agris.

104 1064 265 1093 nonne
291 1047 433 1105 vides,
461 1061 513 1094 ut
538 1060 634 1094 tota
661 1061 838 1094 tremor
862 1061 1151 1111 pertemptet
1177 1064 1406 1111 equorum
1483 1070 1545 1100 250

104 1131 312 1177 corpora,
339 1114 375 1160 si
401 1127 587 1161 tantum
613 1127 744 1160 notas
772 1114 887 1160 odor
914 1115 1071 1161 attulit
1097 1118 1258 1161 auras?

103 1198 155 1227 ac
182 1198 337 1244 neque
364 1198 439 1227 eos
465 1181 558 1227 iam
584 1182 718 1228 frena
744 1181 898 1227 virum
925 1199 1080 1245 neque
1107 1182 1299 1228 verbera
1324 1197 1472 1236 saeva,

104 1265 200 1294 non
228 1248 408 1310 scopuli
434 1266 665 1312 rupesque
694 1266 834 1295 cavae
862 1262 1000 1311 atque
1026 1247 1212 1295 obiecta
1235 1247 1474 1294 retardant

103 1314 301 1382 flumina
326 1329 658 1378 correptosque
688 1316 814 1362 unda
841 1315 1108 1378 torquentia
1132 1328 1333 1362 montes.

104 1382 203 1444 ipse
228 1382 323 1428 ruit
347 1382 608 1445 dentesque
639 1383 899 1429 Sabellicus
926 1382 1113 1429 exacuit
1139 1400 1228 1440 sm,

105 1462 151 1496 et
175 1449 294 1512 pede
320 1449 580 1511 prosubigit
608 1464 797 1506 terram,
824 1449 960 1496 fricat
985 1450 1146 1496 arbore
1174 1463 1337 1506 costas,

105 1529 246 1578 atque
270 1515 383 1562 hinc
411 1529 550 1579 atque
578 1516 712 1563 iffinc
744 1533 928 1563 umeros
953 1517 1010 1563 ad
1035 1517 1232 1563 vulnera
1257 1517 1409 1563 durat.

104 1583 220 1647 quid
244 1583 444 1641 iuveni8‚
471 1600 697 1643 magnum
726 1584 802 1630 cui
829 1597 980 1630 versat
1005 1583 1054 1629 in
1081 1584 1256 1629 ossibus
1282 1583 1443 1643 ignem

103 1651 246 1697 durus
273 1654 431 1696 amor?
469 1667 642 1712 nempe
673 1650 882 1712 abruptis
907 1650 1093 1697 turbata
1118 1650 1340 1712 procellis

105 1730 247 1764 nocte
272 1730 405 1764 natat
431 1733 570 1763 caeca
596 1733 722 1763 serus
750 1717 900 1771 freta3
937 1734 1080 1780 quem
1107 1733 1246 1779 super
1271 1717 1437 1778 ingens
1485 1733 1547 1763 260

104 1797 238 1847 porta
264 1797 395 1830 tonat
421 1783 540 1830 caeli
568 1797 614 1830 et
641 1783 845 1846 scopulis
870 1784 1007 1830 inlisa
1031 1785 1295 1830 reclamant

104 1869 334 1915 aequora3
372 1868 460 1897 nec
488 1868 645 1897 miseri
674 1864 871 1913 possunt
894 1868 1114 1898 revocare
1139 1864 1360 1914 parentes

104 1936 192 1965 nec
218 1918 445 1965 moritura
472 1935 609 1980 super
636 1918 819 1965 crudeli
845 1919 1014 1965 funere
1040 1918 1186 1979 virgo.

104 1985 220 2049 quid
244 1986 406 2047 lynces
433 1985 611 2032 Bacchi
640 1986 792 2032 variae
821 1999 868 2032 et
892 2002 1039 2046 genus
1065 2003 1170 2032 acre
1195 1987 1420 2048 luporum

104 2066 244 2116 atque
271 2057 475 2099 canum?
512 2052 641 2116 quid,
672 2070 791 2116 quae
818 2053 1020 2099 inbelles
1047 2053 1161 2099 dant
1186 2053 1364 2116 proelia
1389 2052 1546 2100 cervi?

103 2120 288 2167 scilicet
313 2133 421 2167 ante
447 2137 611 2167 omnes
636 2120 765 2166 furor
794 2133 861 2166 est
885 2120 1080 2180 insignis
1107 2137 1367 2183 equarum3

106 2200 153 2234 et
177 2200 389 2234 mentem
416 2188 582 2234 Venus
608 2187 706 2249 ipsa
733 2187 879 2245 dedit,
907 2205 1000 2251 quo
1028 2200 1241 2250 tempore
1269 2187 1444 2234 Glauci

108 2255 356 2302 Potniades
382 2255 515 2301 malis
540 2255 754 2301 membra
783 2255 1082 2317 absumpsere
1109 2253 1371 2317 quadrigae.

107 2321 209 2368 illas
233 2322 366 2369 ducit
391 2340 520 2369 amor
545 2335 669 2368 trans
700 2323 905 2382 Gargara
933 2335 1154 2385 transque
1180 2334 1428 2368 sonantem

105 2389 400 2447 Ascanium,
437 2403 658 2453 superant
686 2402 871 2435 montes
899 2403 945 2436 et
971 2388 1169 2435 flumina
1195 2401 1397 2444 tranant,
1487 2412 1547 2442 270

109 2456 432 2520 continuoque
458 2457 602 2504 avidis
630 2456 710 2503 ubi
737 2456 923 2502 subdita
951 2455 1140 2502 flamma
1165 2454 1457 2502 medullis-—

107 2539 216 2569 vere
242 2524 398 2585 magis,
426 2524 535 2587 quia
560 2540 667 2570 vere
695 2524 824 2570 calor
849 2523 970 2570 redit
997 2523 1355 2570 ossibus—illae

109 2607 187 2636 ore
213 2606 374 2636 omnes
398 2608 552 2638 versae
578 2590 629 2637 in
655 2591 935 2654 Zephyrum
963 2603 1088 2637 stant
1112 2590 1306 2653 rupibus
1333 2588 1454 2645 altis,

109 2669 456 2732 exceptantque
481 2659 606 2704 leves
632 2675 763 2705 auras
789 2672 835 2704 et
861 2675 996 2720 saepe
1024 2658 1123 2704 sine
1151 2657 1259 2703 ullis

111 2723 340 2784 coniugiis
366 2737 508 2770 vento
533 2724 1036 2784 gravidae—mirabile
1062 2725 1267 2771 dictu-—

624 2813 703 2849 274
731 2809 962 2850 exspectant.

782 2872 806 2900 F
