1866 3208
277 229 353 270 288
726 230 770 269 P.
800 229 1035 268 VERGILI
1064 230 1322 269 MARONIS

343 351 390 385 et
414 338 556 385 funus
582 338 790 384 lacerum
817 336 958 383 tellus
981 337 1158 385 habet?
1225 338 1315 384 hoc
1342 336 1459 383 mihi
1485 337 1542 384 de
1568 351 1632 395 te,
1708 363 1769 396 491

343 417 472 462 nate,
496 404 638 450 refers
659 407 676 450 ?
711 404 802 450 hoc
828 420 931 450 sum
957 415 1172 467 terraque
1197 404 1409 467 marique
1434 409 1631 451 secuta?

342 471 472 533 figite
497 486 588 528 me,
616 469 651 515 si
678 486 769 532 qua
795 482 864 516 est
887 469 1051 532 pietas,
1075 470 1125 517 in
1151 487 1227 517 me
1253 470 1411 517 omnia
1438 471 1532 517 tela

343 537 567 593 conicite,
591 553 619 582 0
646 536 832 593 Rutuli,
860 553 937 583 me
961 537 1162 599 primam
1189 536 1420 584 absumite
1445 538 1568 584 ferro
1591 556 1601 583 :

343 617 422 650 aut
448 616 516 659 tu,
541 619 710 662 magne
739 602 876 649 Pater
901 603 1076 661 divom,
1101 604 1341 660 miserere,
1367 616 1544 667 tuoque

342 669 548 717 invisum
573 670 666 716 hoc
691 669 889 716 detrude
916 683 1055 732 caput
1079 671 1165 717 sub
1192 671 1392 716 Tartara
1417 671 1527 728 telo,

343 736 534 800 quando
560 735 697 782 aliter
722 753 907 799 nequeo
933 737 1174 783 crudelem
1200 737 1477 799 abrumpere
1502 734 1680 784 vitam.'

342 805 431 850 hoc
458 802 572 849 fletu
600 803 812 849 concussi
839 802 1002 859 animi,
1027 817 1323 866 maestusque
1348 820 1431 865 per
1456 819 1618 850 omnes

343 870 380 916 it
404 869 603 930 gemitus
626 889 640 923 ;
678 882 868 932 torpent
893 869 1121 916 infractae
1147 870 1206 916 ad
1229 870 1408 933 proelia
1432 869 1568 917 vires.

342 936 475 982 illam
500 935 842 982 incendentem
868 936 1024 982 luctus
1048 937 1216 982 Idaeus
1243 950 1290 982 et
1313 937 1460 982 Actor
1709 960 1772 990 500

343 1001 517 1049 Ilionei
546 1002 731 1048 monitu
758 1015 805 1048 et
830 1003 1035 1048 multum
1061 1003 1351 1049 lacrimantis
1377 1002 1471 1048 Iuli

344 1069 607 1131 corripiunt
634 1069 853 1131 interque
879 1086 1045 1115 manus
1072 1069 1158 1116 sub
1183 1082 1307 1116 tecta
1332 1083 1587 1132 reponunt.

411 1149 458 1182 at
483 1135 596 1182 tuba
622 1135 886 1182 terribilem
912 1135 1119 1182 sonitum
1144 1136 1308 1198 procul
1334 1152 1438 1182 aere
1464 1153 1636 1182 canoro

343 1202 581 1264 increpuit
602 1222 617 1260 3
653 1201 865 1265 sequitur
890 1201 1066 1248 clamor
1091 1203 1368 1266 caelumque
1394 1202 1612 1263 remugit.

343 1270 616 1315 adcelerant
641 1282 744 1315 acta
768 1268 941 1331 pariter
967 1269 1204 1315 testudine
1229 1269 1408 1324 Volsci,

345 1349 392 1382 et
417 1336 559 1382 fossas
585 1336 766 1398 inplere
793 1349 960 1398 parant
985 1352 1036 1382 ac
1062 1336 1236 1381 vellere
1262 1335 1455 1382 vallum.

344 1416 578 1466 quaerunt
602 1420 706 1466 pars
732 1403 913 1449 aditum
941 1415 987 1448 et
1013 1402 1147 1448 scalis
1173 1402 1425 1448 ascendere
1451 1417 1623 1458 muros,

344 1487 437 1533 qua
460 1487 561 1515 rara
586 1482 654 1515 est
680 1469 802 1514 acies
828 1469 1178 1532 interlucetque
1205 1484 1377 1514 corona

346 1554 442 1583 non
470 1549 565 1582 tam
591 1536 733 1598 spissa
757 1535 881 1582 viris.
953 1536 1154 1582 telorum
1181 1535 1425 1581 effundere
1450 1547 1615 1581 contra

343 1620 484 1650 omne
510 1620 658 1664 genus
685 1602 864 1649 Teucri
892 1619 943 1649 ac
971 1603 1096 1648 duris
1123 1602 1372 1649 detrudere
1397 1601 1569 1656 contis,
1710 1624 1772 1654 510

345 1670 526 1716 adsueti
554 1670 697 1730 longo
722 1687 875 1715 muros
901 1669 1154 1714 defendere
1180 1669 1324 1715 bello.

344 1754 452 1783 saxa
477 1753 664 1799 quoque
691 1735 862 1781 infesto
887 1736 1143 1781 volvebant
1169 1735 1393 1797 pondere,
1420 1733 1455 1780 si
1482 1750 1576 1797 qua

343 1816 534 1866 possent
560 1815 734 1849 tectam
760 1801 911 1848 aciem
936 1818 1256 1864 perrumpere,
1284 1818 1394 1847 cum
1424 1814 1581 1847 tamen
1607 1816 1768 1846 omnes

345 1871 465 1916 ferre
490 1869 620 1915 iuvat
645 1869 803 1915 subter
829 1868 973 1914 densa
999 1867 1234 1914 testudine
1261 1884 1408 1914 casus.

346 1953 434 1982 nec
460 1935 552 1981 iam
579 1935 833 1982 sufficiunt.
904 1951 1012 1980 narn
1038 1951 1130 1997 qua
1152 1934 1316 1993 globus
1342 1933 1548 1980 inminet
1572 1932 1755 1995 ingens,

345 2003 586 2048 inmanem
613 2001 792 2047 Teucri
819 2001 993 2046 molem
1020 2001 1314 2063 volvuntque
1339 2013 1596 2062 ruuntque,

345 2086 462 2132 quae
489 2068 648 2114 stravit
675 2068 876 2114 Rutulos
901 2068 993 2113 late
1018 2083 1346 2129 armorumque
1372 2066 1564 2112 resolvit

345 2135 567 2196 tegmina.
639 2152 726 2181 nec
754 2147 921 2181 curant
946 2150 1087 2180 caeco
1112 2133 1402 2179 contendere
1430 2133 1590 2179 Marte

345 2202 546 2264 amplius
571 2201 766 2247 audaces
793 2200 980 2257 Rutuli,
1005 2200 1085 2246 sed
1109 2200 1287 2263 pellere
1313 2199 1439 2245 vallo

343 2269 597 2314 missilibus
622 2281 821 2315 certant.
1708 2288 1773 2318 520

345 2348 472 2397 parte
499 2335 586 2380 alia
610 2334 873 2380 horrendus
896 2333 998 2379 visu
1024 2334 1272 2396 quassabat
1298 2333 1541 2378 Etruscam

343 2401 512 2464 pinum
539 2414 585 2446 et
610 2400 852 2446 fumiferos
878 2400 1024 2446 infert
1051 2398 1325 2445 Mezentius
1351 2397 1514 2458 ignes·
1503 2434 1516 2453 ,

345 2481 389 2514 at
416 2468 663 2529 Messapus
690 2483 865 2529 equum
891 2465 1110 2522 domitor,
1137 2463 1386 2527 Neptunia
1411 2464 1584 2526 proles,

345 2533 572 2580 rescindit
596 2533 775 2578 vallum
802 2544 849 2578 et
874 2531 1053 2578 scalas
1041 2548 1091 2576 1n
1118 2530 1304 2577 moenia
1328 2530 1499 2605 poscit:

411 2617 509 2657 vos,
533 2617 561 2647 o
588 2599 823 2661 Calliope,
851 2615 1030 2660 precor,
1056 2597 1285 2660 adspirate
1311 2596 1517 2652 canenti,

344 2684 458 2730 quas
482 2666 548 2713 ibi
576 2678 677 2712 tum
703 2665 827 2712 ferro
852 2678 1036 2725 strages,
1063 2681 1181 2726 quae
1208 2663 1376 2710 funera
1402 2663 1601 2710 Turnus

919 2751 996 2793 514
1025 2741 1126 2781 libet.
