1861 3256
542 242 851 280 BUCOLICA:
897 241 1012 279 ECL.
1041 241 1106 278 IV
1557 251 1580 290 9

212 352 286 398 M.
305 350 498 413 parcite,
516 367 643 407 oves,
660 349 866 395 nimium
882 349 1139 412 procedere
1160 368 1170 396 :
1197 366 1294 395 non
1313 348 1433 395 bene
1451 348 1581 410 ripae

141 418 349 464 creditur
373 438 387 474 ;
422 417 521 478 ipse
548 416 664 462 aries
691 416 833 462 etiam
860 433 988 463 nunc
1018 417 1193 463 vellera
1218 416 1377 463 siccat.

212 485 278 532 D.
317 484 502 546 Tityre,
529 497 776 546 pascentes
803 501 827 529 a
853 482 1053 530 flumine
1079 484 1204 530 reice
1232 483 1437 545 capellas
1462 501 1473 528 :

141 551 256 613 ipse,
283 551 363 597 ubi
391 564 577 613 tempus
604 551 707 608 erit,
735 567 900 596 omnes
925 551 975 596 in
1004 552 1136 597 fonte
1163 550 1345 597 lavabo.

214 619 286 665 M.
325 618 478 679 cogite
504 635 630 675 oves,
654 618 790 680 pueri
813 637 827 672 ς
864 617 899 662 si
929 618 998 663 lac
1027 617 1324 680 praeceperit
1350 630 1519 673 aestus,

142 698 195 731 ut
220 702 388 748 nuper,
414 685 584 731 frustra
610 685 920 747 pressabimus
949 685 1092 730 ubera
1119 685 1302 746 palmis.

214 753 276 798 D.
318 754 411 798 heu
450 753 559 810 heu,
592 768 735 814 quam
769 751 936 813 pingui
972 768 1129 797 macer
1163 765 1230 798 est
1266 750 1385 798 mihi
1423 764 1583 797 taurus

275 820 326 865 in
353 837 463 865 erVO
486 819 494 866 !
1522 842 1584 862 100

141 887 269 933 idem
295 904 424 932 amor
449 885 651 933 exitium
676 885 834 948 pecori
862 885 1137 948 pecorisque
1165 886 1402 946 magistro.

211 954 286 1000 M.
328 953 400 999 his
438 967 566 1000 certe
603 970 759 1016 neque
798 970 928 999 amor
966 970 1103 999 causa
1143 967 1244 999 est:
1287 953 1367 998 xix
1406 951 1582 997 ossibus

273 1022 483 1067 haerent.

140 1087 300 1134 nescio
326 1088 429 1150 quis
458 1101 640 1134 teneros
666 1088 831 1134 oculus
856 1087 975 1133 mihi
1003 1088 1203 1133 fascinat
1229 1104 1386 1148 agnos.

214 1155 278 1202 D.
328 1155 421 1213 dic,
467 1155 640 1218 quibus
681 1155 732 1201 in
782 1155 1049 1201 terris—et
1092 1154 1180 1200 eris
1223 1153 1341 1199 mihi
1384 1169 1582 1214 magnus

274 1223 522 1285 Apollo-—

141 1302 231 1336 tres
256 1303 415 1351 pateat
441 1290 562 1336 caeli
590 1290 795 1352 spatium
822 1307 917 1336 non
944 1289 1147 1365 amplius
1174 1289 1322 1335 ulnas.

213 1357 286 1404 M.
324 1357 418 1414 dic,
445 1357 653 1419 quibus
642 1375 692 1403 1n
719 1357 850 1403 terris
877 1357 1093 1419 inscripti
1120 1356 1316 1402 nomina
1341 1371 1507 1416 regum

142 1437 395 1470 nascantur
420 1423 571 1481 flores,
601 1438 647 1470 et
674 1424 892 1485 Phyllida
919 1425 1041 1470 solus
1068 1424 1256 1470 habeto.

212 1492 268 1537 P.
308 1508 405 1536 non
433 1505 647 1537 nostrum
673 1491 797 1537 inter
822 1509 902 1537 vos
930 1505 1082 1537 tantas
1110 1506 1394 1552 componere
1421 1489 1543 1534 lites.

142 1570 188 1603 et
213 1557 363 1604 vitula
392 1572 442 1604 tu
469 1558 640 1618 dignus
665 1572 711 1604 et
736 1558 829 1613 hic,
859 1572 906 1604 et
931 1557 1144 1620 quisquis
1171 1574 1347 1602 amores

142 1637 221 1670 aut
246 1638 428 1671 metuet
453 1625 616 1671 dulces
642 1638 723 1670 aut
750 1624 1021 1686 experietur
1047 1641 1240 1669 amaros.
1525 1647 1586 1667 110

141 1691 349 1737 claudite
375 1691 470 1737 iam
497 1691 635 1749 rivos,
661 1691 795 1752 pueri
822 1709 831 1737 :
871 1705 938 1737 sat
963 1704 1093 1752 prata
1120 1689 1358 1736 biberunt.

631 1956 914 2003 ECLOGA
950 1955 1026 2001 IV

728 2025 930 2104 POLLIO

143 2165 382 2211 SrcEer-:s
410 2165 596 2223 Musae,
623 2165 770 2227 paulo
795 2164 972 2210 maiora
999 2180 1221 2210 canamus
1246 2162 1255 2210 !

141 2249 238 2277 non
265 2249 428 2278 omnes
457 2232 643 2278 arbusta
669 2231 836 2277 iuvant
861 2231 1162 2293 humilesque
1189 2229 1397 2292 myricae
1420 2250 1434 2287 3

143 2298 177 2344 si
203 2299 418 2345 canimus
446 2299 599 2355 silvas,
628 2298 772 2344 silvae
799 2298 892 2343 sint
918 2299 1113 2344 consule
1139 2297 1325 2357 dignae.

209 2366 378 2412 ultima
406 2365 610 2412 Cumaei
636 2365 768 2412 venit
794 2365 888 2411 iam
914 2364 1138 2411 carminis
1166 2378 1289 2410 aetas
1313 2385 1326 2420 ;

143 2449 339 2493 magnus
365 2433 423 2479 ab
449 2433 636 2493 integro
664 2433 928 2478 saeclorum
955 2431 1162 2478 nascitur
1187 2431 1314 2477 ordo.

143 2498 237 2545 iam
261 2500 384 2546 redit
409 2514 457 2547 et
482 2500 648 2561 Virgo,
675 2500 878 2546 redeunt
908 2499 1126 2546 Saturnia
1152 2515 1296 2559 regna
1319 2519 1333 2554 ;

145 2565 240 2611 iam
265 2583 385 2613 nova
409 2568 659 2630 progenies
685 2568 817 2614 caelo
843 2567 1112 2613 demittitur
1139 2567 1247 2613 alto.

146 2645 197 2678 tu
223 2634 363 2679 modo
389 2635 602 2681 nascenti
628 2652 794 2697 puero,
821 2652 916 2697 quo
942 2635 1092 2680 ferrea
1118 2633 1327 2695 primum

146 2699 330 2745 desinet
354 2718 407 2747 ac
434 2714 533 2747 toto
560 2715 715 2763 surget
740 2719 852 2762 gens
878 2718 1014 2747 aurea
1042 2701 1238 2757 mundo,

148 2779 275 2812 casta
301 2767 403 2813 fave
429 2767 644 2814 Lucina:
689 2782 796 2814 tuus
822 2768 916 2814 iam
942 2781 1108 2827 regnat
1132 2766 1323 2828 Apollo.
1550 2790 1589 2809 10
