1861 3256
632 275 907 313 AENEIDOS
939 276 1043 314 LIB.
1073 277 1115 312 V
1550 278 1621 326 187

186 385 475 431 seminecem
500 381 643 445 liquit
669 398 778 427 saxo
805 382 1114 445 lacerumque
1140 381 1322 438 viator3

186 451 479 514 nequiquam
504 450 668 509 longos
695 448 883 508 fugiens
909 449 990 495 dat
1017 466 1215 512 corpore
1242 461 1408 506 tortus,

184 532 317 582 parte
344 519 492 574 ferox,
519 516 784 577 ardensque
811 515 978 573 oculis,
1006 529 1053 562 et
1079 516 1214 562 sibila
1241 516 1363 562 colla

185 586 358 632 arduus
384 583 637 639 attollens;
672 599 776 644 pars
802 582 1001 629 vulnere
1028 583 1197 629 clauda
1222 595 1432 630 retentat

185 664 444 699 nexantem
470 650 606 696 nodis
633 665 777 711 seque
804 648 855 694 in
883 666 963 695 sua
989 651 1202 697 membra
1227 650 1508 713 plicantem.

185 719 268 765 tali
295 717 493 778 remigio
520 716 650 763 navis
677 733 724 762 se
752 716 883 761 tarda
910 717 1163 774 movebat3
1564 730 1626 762 280

183 787 287 832 vela
314 785 429 831 facit
456 797 633 840 tamen,
661 795 708 829 et
733 782 850 828 velis
877 783 1004 829 subit
1030 784 1147 829 ostia
1174 784 1345 847 plenis.

186 853 456 913 Sergestum
479 852 666 897 Aeneas
692 849 924 912 promisso
951 867 1150 896 munere
1177 851 1340 909 donat,

184 932 415 966 servatam
441 919 501 964 ob
528 934 699 963 navem
725 917 876 963 laetus
904 917 1150 981 sociosque
1177 919 1415 966 reductOS.

183 985 266 1032 olli
293 1002 423 1031 serva
450 985 604 1041 datur,
632 1001 833 1046 operum
858 984 989 1030 haud
1013 984 1175 1045 ignara
1203 985 1474 1043 Minervae,

186 1054 352 1100 Cressa
378 1069 542 1113 genus,
572 1051 767 1109 Pholoe,
795 1051 1073 1114 geminique
1100 1052 1186 1099 sub
1213 1053 1359 1099 ubere
1386 1051 1503 1099 nati.

249 1121 339 1166 hoc
365 1119 472 1181 pius
498 1120 685 1164 Aeneas
714 1118 856 1164 misso
884 1119 1148 1165 certamine
1175 1119 1332 1165 tendit

183 1186 481 1248 gramineum
501 1185 552 1231 in
576 1202 817 1248 campum,
840 1202 984 1248 quem
1005 1186 1210 1232 collibus
1232 1186 1448 1249 undique
1470 1185 1624 1233 curvis

184 1254 442 1314 cingebant
469 1252 629 1310 silvae,
658 1253 913 1315 mediaque
941 1252 991 1298 in
1018 1253 1142 1299 valle
1169 1253 1343 1299 theatri

184 1321 336 1367 circus
363 1333 463 1367 erat
485 1340 498 1377 3
536 1337 631 1383 quo
657 1337 704 1366 se
732 1319 896 1366 multis
923 1336 1034 1366 curn
1060 1320 1253 1366 milibus
1279 1321 1417 1366 heros

184 1404 405 1435 consessu
432 1387 646 1433 medium
674 1386 787 1433 tulit
814 1399 1153 1450 exstructoque
1180 1387 1370 1433 resedit.
1566 1411 1628 1442 290

183 1455 279 1513 hic,
306 1454 387 1518 qui
415 1455 538 1500 forte
563 1454 719 1500 velint
744 1454 912 1517 rapido
938 1455 1234 1500 contendere
1260 1471 1416 1512 cursu,

184 1522 358 1568 invitat
384 1521 550 1584 pretiis
576 1521 774 1579 animos,
804 1533 851 1567 et
875 1521 1085 1584 praemia
1110 1521 1265 1584 ponit.

186 1588 400 1652 undique
427 1588 727 1635 conveniunt
754 1588 938 1634 Teucri
966 1588 1201 1651 mixtique
1230 1588 1406 1645 Sicani,

183 1656 330 1702 Nisus
357 1667 404 1701 et
432 1656 666 1717 Euryalus
691 1654 850 1717 primi,

183 1722 416 1784 Euryalus
442 1723 594 1768 forma
620 1721 817 1783 insignis
842 1721 1083 1785 viridique
1109 1721 1321 1780 iuventa,

184 1789 331 1836 Nisus
357 1806 517 1835 amore
541 1788 623 1851 pio
648 1789 816 1851 pueri;
855 1806 971 1852 quos
998 1789 1176 1836 deinde
1203 1803 1393 1837 secutus

184 1856 336 1917 regius
364 1856 547 1917 egregia
577 1855 751 1902 Priami
779 1856 838 1902 de
865 1856 1011 1919 stirpe
1037 1856 1242 1915 Diores3

183 1925 312 1970 hunc
342 1923 493 1970 Salius
520 1923 660 1970 simul
689 1936 737 1970 et
765 1924 958 1982 Patron,
986 1941 1192 1987 quorum
1219 1925 1340 1971 alter
1362 1925 1603 1982 Acarnan,

183 1991 303 2037 alter
329 1991 386 2037 ab
411 1989 619 2037 Arcadio
647 1991 901 2052 Tegeaeae
929 1991 1161 2052 sanguine
1186 1992 1373 2053 gentis;

183 2070 286 2104 tum
312 2057 409 2104 duo
430 2057 675 2104 Trinacrii
696 2057 911 2115 iuvenes,
934 2058 1175 2120 Helymus
1198 2059 1526 2122 Panopesque,
1566 2084 1628 2114 300

184 2124 367 2171 adsueti
395 2123 539 2182 silvi3‚
567 2124 766 2172 comites
794 2124 993 2171 senioris
1018 2126 1253 2182 Acestae3

184 2191 323 2238 multi
348 2204 609 2255 praeterea,
637 2209 754 2255 quos
781 2192 907 2238 fama
934 2192 1135 2238 obscura
1159 2192 1395 2240 recondit.

182 2259 369 2305 Aeneas
396 2258 568 2322 quibus
594 2259 645 2305 in
673 2259 842 2305 mediis
869 2258 934 2305 sic
963 2258 1141 2305 deinde
1168 2259 1389 2307 locutus:

185 2325 388 2388 accipite
413 2328 532 2373 haec
559 2326 747 2385 animis,
774 2327 1017 2390 laetasque
1045 2326 1280 2373 advertite
1306 2339 1507 2373 mentes.

186 2409 328 2439 nemo
353 2410 411 2440 ex
436 2394 528 2441 hoc
555 2410 758 2440 numero
783 2393 903 2440 mihi
931 2410 1031 2440 non
1058 2393 1264 2441 donatus
1290 2393 1457 2441 abibit.

187 2458 369 2506 Gnosia
394 2460 508 2507 bina
533 2461 657 2507 dabo
682 2461 840 2508 levato
865 2460 1027 2508 lucida
1054 2460 1181 2508 ferro

187 2524 381 2586 spicula,
408 2528 737 2592 caelatamque
763 2541 960 2590 argento
987 2528 1112 2576 ferre
1139 2528 1434 2592 bipennem:

187 2591 408 2639 omnibus
432 2594 512 2641 hic
540 2595 630 2642 erit
656 2613 779 2642 unus
805 2597 987 2653 honos,
1049 2608 1142 2643 tres
1168 2595 1380 2659 praemia
1406 2593 1547 2657 primi

187 2656 442 2719 accipient,
468 2660 682 2725 flavaque
709 2675 854 2725 caput
880 2674 1140 2710 nectentur
1165 2663 1319 2709 oliva:

186 2723 366 2786 primus
394 2742 570 2788 equum
595 2729 801 2790 phaleris
826 2729 1066 2790 insignem
1090 2729 1246 2776 victor
1270 2729 1477 2784 habeto;
1564 2753 1627 2784 310

283 2813 361 2851 279
390 2803 599 2842 nixantem.
657 2806 704 2842 28
714 2816 732 2855 5
763 2806 889 2845 ubera.
947 2817 1024 2855 299
1053 2806 1217 2844 Arcadia
1237 2808 1385 2854 Tegeae
1406 2807 1460 2844 de.
