1866 3208
515 920 715 970 LIBER
764 922 1097 971 OCTAVUS

126 1043 211 1090 UT
234 1043 349 1091 belli
377 1043 564 1106 signum
591 1043 822 1091 Laurenti
852 1044 1052 1091 Turnus
1079 1045 1136 1091 ab
1164 1060 1271 1091 arce

126 1110 314 1169 extulit,
344 1123 391 1157 et
414 1128 556 1158 rauco
583 1124 891 1185 strepuerunt
919 1128 1097 1157 cornua
1125 1124 1286 1169 cantu,

126 1190 274 1240 utque
299 1194 429 1224 acres
456 1178 698 1224 concussit
727 1195 886 1253 eqUOS‚
917 1191 1067 1241 utque
1093 1177 1274 1240 inpulit
1300 1194 1445 1235 arma,

125 1245 368 1307 extemplo
395 1245 570 1291 turbati
599 1244 763 1303 animi,
793 1244 934 1291 simul
963 1261 1106 1291 omne
1133 1245 1346 1291 tumultu

125 1311 344 1358 coniurat
370 1311 556 1374 trepido
582 1311 779 1358 Latium
808 1311 1054 1374 saevitque
1080 1311 1304 1358 iuventus

126 1379 282 1425 effera.
354 1378 574 1425 ductores
601 1378 743 1441 primi
776 1379 1028 1441 Messapus
1057 1392 1103 1425 et
1131 1379 1290 1425 Ufens

124 1457 524 1509 contemptorque
553 1445 698 1492 deum
730 1446 1011 1492 Mezentius
1040 1446 1255 1508 undique
1281 1458 1461 1506 cogunt

123 1512 314 1568 auxilia,
343 1526 389 1559 et
415 1513 533 1559 latos
562 1525 751 1559 vastant
781 1512 1042 1559 cultoribus
1069 1530 1216 1573 agros,

123 1579 331 1626 mittitur
357 1593 404 1626 et
429 1580 588 1641 magni
618 1580 844 1626 Venulus
871 1579 1121 1626 Diomedis
1149 1580 1206 1625 ad
1233 1580 1414 1637 urbem,

123 1645 204 1709 qui
230 1659 363 1709 petat
389 1646 637 1704 auxilium,
671 1659 717 1692 et
746 1647 887 1692 Latio
912 1646 1170 1692 consistere
1198 1647 1430 1704 Teucros,
1531 1671 1570 1691 10

123 1713 374 1759 advectum
399 1713 599 1759 Aenean
633 1713 784 1770 classi,
813 1713 1063 1776 victosque
1090 1713 1292 1759 Penates

122 1779 315 1837 inferre,
344 1792 392 1826 et
416 1779 524 1826 fatis
555 1797 714 1841 regem
747 1796 793 1825 se
822 1779 982 1827 dicere
1006 1780 1154 1842 posci,

121 1847 333 1905 edoceat,
360 1847 634 1911 multasque
666 1847 767 1893 viro
796 1864 843 1893 se
870 1847 1127 1908 adiunge-re
1153 1860 1318 1908 gentes

119 1914 380 1973 Dardanio,
410 1927 457 1961 et
484 1915 580 1961 late
610 1915 750 1961 Latio
781 1914 1131 1961 increbrescere
1159 1932 1354 1962 nomen.

122 1981 238 2044 quid
263 1994 411 2028 struat
436 1981 510 2027 his
541 1981 740 2044 coeptiS,
772 1998 932 2044 quem,
961 1981 997 2028 si
1024 1982 1234 2028 Fortuna
1260 1995 1501 2045 sequatur,

123 2061 351 2095 eventum
375 2065 565 2111 pugnae
596 2048 776 2111 cupiat,
808 2048 1108 2095 manifestius
1135 2048 1223 2111 ipsi

122 2131 265 2179 quam
291 2116 464 2162 Turno
490 2115 587 2177 regi
618 2128 700 2162 aut
727 2115 824 2176 regi
855 2133 1080 2178 apparere
1106 2116 1297 2163 Latino.

189 2182 300 2228 talia
324 2199 410 2245 per
435 2183 647 2239 Latium.
724 2199 845 2246 quae
875 2182 1255 2228 Laomedontius
1280 2184 1419 2229 heros

122 2262 296 2296 cuncta
321 2249 488 2296 videns
515 2267 689 2311 magno
720 2266 942 2296 curarum
972 2248 1174 2296 fluctuat
1199 2263 1346 2307 aestU‚

123 2329 265 2379 atque
291 2316 506 2363 animum
534 2334 664 2363 nunc
691 2317 787 2363 huc
818 2316 1042 2375 celerem,
1071 2333 1202 2363 nunc
1229 2317 1403 2363 dividit
1433 2316 1566 2374 illuc,

76 2422 77 2425 ,
124 2382 174 2428 in
197 2396 449 2447 partesque
475 2383 597 2447 rapit
622 2383 784 2442 varias,
811 2400 994 2446 perque
1021 2383 1182 2430 omnia
1209 2397 1362 2431 versat
1389 2420 1399 2431 .
1528 2406 1568 2429 ει

125 2448 246 2496 sicut
271 2467 418 2513 aquae
445 2451 704 2498 tremulum
731 2451 874 2497 labris
904 2451 985 2497 ubi
1014 2450 1181 2497 lumen
1210 2450 1337 2497 aenis

126 2515 223 2562 sole
248 2533 575 2579 repercussum
602 2521 683 2565 aut
707 2517 934 2564 radiantis
962 2517 1172 2579 imagine
1198 2518 1382 2575 Lunae,

126 2581 287 2628 omnia
311 2584 566 2645 pervolitat
593 2584 687 2631 late
714 2585 835 2643 loca,
862 2584 1054 2648 iamque
1080 2584 1168 2631 sub
1192 2602 1324 2631 auras

97 2677 106 2689 ·
127 2648 323 2709 erigitur
347 2651 614 2714 summique
640 2651 751 2698 ferit
777 2652 1015 2715 laquearia
1042 2651 1174 2698 tecti.

126 2731 222 2762 nox
250 2727 364 2774 erat,
391 2729 439 2763 et
463 2730 607 2764 terras
634 2719 859 2765 animalia
884 2720 1004 2765 fessa
1029 2736 1115 2781 per
1139 2734 1305 2764 omnes

669 2810 715 2837 10
746 2798 950 2837 considere.
