1866 3208
562 224 838 263 AENEmos
868 225 972 263 ΜΒ.
1001 224 1040 261 Χ
1479 238 1552 277 305

120 354 181 385 ne
208 335 365 383 castris
391 335 601 393 iungant,
630 346 758 379 certa
783 346 850 380 est
877 332 1109 379 sententia
1134 332 1322 379 Turno,
1496 360 1557 389 240

120 420 252 464 surge
279 418 374 477 age,
403 414 449 446 et
472 401 655 445 Aurora
680 399 827 446 socios
852 400 1077 447 veniente
1102 399 1257 447 vocari

119 471 296 547 primus
317 469 366 514 in
388 483 514 513 arma
532 466 661 523 iube,
682 481 727 513 et
749 467 959 528 clipeum
982 484 1111 530 cape,
1135 483 1276 530 quem
1301 466 1470 514 dedit
1459 485 1554 529 ipse

119 536 351 585 invictum
377 533 671 608 Ignipotens,
697 547 836 608 atque
862 552 961 580 oras
987 534 1153 580 ambiit
1178 551 1307 581 auro.

119 603 316 651 crastina
342 602 441 658 lux,
466 617 571 647 mea
595 601 629 646 si
658 617 753 646 non
781 600 920 647 inrita
946 601 1071 648 dicta
1094 601 1284 664 putariS‚

118 670 331 731 ingentes
358 668 566 715 Rutulae
593 667 822 730 spectabit
849 668 1001 714 caedis
1028 685 1165 714 acen
1169 667 1246 716 os.’

117 737 299 783 dixerat
324 754 333 782 :
372 749 418 782 et
443 736 608 781 dextra
635 735 881 781 discedens
909 736 1085 797 inpulit
1111 736 1269 792 altam,

116 803 243 851 haud
266 803 424 863 ignara
450 802 594 859 modi,
618 801 836 864 puppim.
908 802 1028 863 fugit
1053 802 1134 848 illa
1158 820 1243 865 per
1269 802 1415 849 undas

117 870 243 917 ocior
270 883 315 916 et
340 870 496 916 iaculo
523 882 569 916 et
593 882 759 916 ventos
784 883 1018 932 aequante
1046 869 1223 930 sagitta.

116 937 227 984 inde
254 936 372 983 aliae
399 937 610 983 celerant
636 954 811 983 cursus.
885 949 1040 998 stupet
1065 937 1241 984 inscius
1266 937 1365 999 ipse

117 1004 238 1050 Tros
263 1004 572 1050 Anchisiades
594 1023 608 1057 3
647 1003 827 1050 animos
852 1017 1011 1050 tamen
1039 1004 1199 1051 omine
1225 1004 1367 1051 tollit.
1497 1028 1556 1058 250

116 1085 218 1118 tum
245 1070 446 1117 breviter
471 1088 637 1133 supera
662 1084 904 1133 aspectans
931 1088 1144 1118 convexa
1168 1085 1385 1133 precatur
1410 1090 1419 1117 :

112 1139 233 1185 alma
256 1155 427 1200 parens
452 1139 594 1184 Idaea
621 1139 780 1196 deum,
809 1138 885 1185 cui
911 1138 1159 1200 Dindyma
1183 1138 1330 1194 cordi,

114 1205 461 1268 turrigeraeque
487 1205 623 1252 urbes
650 1205 893 1268 biiugique
921 1205 977 1251 ad
1002 1205 1133 1252 frena
1158 1206 1316 1252 leones
1338 1225 1352 1259 3

81 1282 84 1283 ’
114 1287 164 1320 tu
190 1272 307 1319 mihi
334 1289 464 1319 nunc
492 1289 678 1335 pugnae
704 1273 942 1335 princeps,
969 1286 1021 1319 tu
1047 1273 1134 1319 rite
1160 1272 1452 1335 propinques

114 1339 379 1400 augurium,
409 1340 768 1402 Phrygibusque
795 1340 911 1386 adsis
938 1340 1079 1402 pede,
1105 1340 1227 1397 diva,
1255 1339 1493 1386 secundo.’

114 1420 301 1454 tantum
328 1407 493 1453 effatus
521 1428 534 1463 3
573 1422 618 1453 et
645 1407 825 1454 interea
849 1407 1064 1454 revoluta
1089 1407 1254 1453 ruebat

113 1487 296 1520 matura
322 1474 415 1520 iam
442 1474 550 1520 luce
578 1474 693 1531 dies,
721 1487 1010 1537 noctemque
1036 1475 1232 1535 fugarat.

112 1540 350 1604 principio
376 1540 511 1587 sociis
538 1541 697 1598 edicit,
727 1541 857 1601 signa
882 1554 1154 1605 sequantur,

112 1622 254 1670 atque
282 1625 462 1654 animos
489 1621 652 1670 aptent
681 1608 833 1666 armi5‚
859 1625 1142 1671 pugnaeque
1167 1622 1336 1671 parent
1361 1625 1424 1656 se.

111 1674 299 1738 iamque
325 1675 374 1721 in
402 1688 660 1737 conspectu
690 1675 904 1721 Teucros
930 1675 1071 1721 habet
1097 1689 1144 1722 et
1169 1693 1248 1722 sua
1275 1688 1434 1732 castra,
1493 1690 1554 1722 260

111 1755 233 1788 stans
259 1742 380 1788 celsa
405 1742 455 1787 in
479 1742 647 1805 puppi,
675 1742 886 1804 clipeum
913 1759 1024 1788 cum
1049 1742 1221 1789 deinde
1249 1742 1430 1789 sinistra

112 1809 282 1856 extulit
308 1809 566 1856 ardentem.
641 1809 896 1856 clamorem
925 1810 981 1855 ad
1006 1809 1154 1856 sidera
1179 1810 1357 1856 tollunt

110 1875 411 1923 Dardanidae
438 1893 462 1923 e
489 1876 671 1922 muris·
659 1912 674 1931 ‚
713 1893 811 1938 spes
839 1876 993 1923 addita
1020 1877 1209 1923 suscitat
1235 1877 1361 1934 iras;

112 1944 203 1989 tela
228 1960 369 1989 manu
397 1943 613 2000 iaciunt;
652 1944 812 2006 quales
839 1944 925 1990 sub
949 1944 1156 1991 nubibus
1181 1944 1288 1991 atris

114 2010 407 2071 Strymoniae
433 2011 546 2058 dant
572 2011 702 2072 signa
728 2028 878 2072 grueS‚
907 2025 1047 2074 atque
1075 2012 1260 2058 aethera
1286 2023 1473 2058 tranant

112 2093 223 2123 cum
250 2076 421 2134 sonitu,
446 2077 733 2140 fugiuntque
761 2078 915 2124 Notos
942 2079 1147 2124 clamore
1174 2078 1397 2124 secundo,

111 2157 155 2190 at
180 2144 363 2190 Rutulo
386 2144 483 2205 regi
509 2144 805 2207 ducibusque
833 2162 886 2191 ea
910 2144 1027 2191 mira
1052 2144 1199 2190 videri

108 2210 348 2267 Ausonii3‚
374 2211 526 2257 donec
553 2228 702 2258 versas
731 2212 787 2258 ad
813 2212 949 2259 litora
973 2228 1154 2274 puppes

109 2277 382 2340 respiciunt,
410 2291 658 2341 totumque
685 2279 837 2325 adlabi
865 2279 1085 2325 classibus
1112 2295 1296 2342 aequor.

110 2345 237 2391 ardet
262 2362 381 2407 apex
407 2345 565 2407 capiti,
594 2345 837 2409 cristisque
865 2363 889 2392 a
914 2346 1093 2393 vertice
1118 2345 1306 2392 flamma
1487 2370 1548 2402 270

111 2411 338 2468 funditur,
366 2426 411 2459 et
437 2427 585 2459 vastos
613 2413 757 2459 umbo
783 2413 931 2460 vomit
957 2430 1124 2460 aureus
1148 2413 1278 2474 ignes
1303 2432 1312 2460 :

110 2493 207 2523 non
232 2495 379 2536 secus,
405 2496 456 2526 ac
483 2480 662 2543 liquida
687 2480 722 2526 si
749 2481 937 2543 quando
962 2495 1104 2528 nocte
1132 2494 1342 2528 cometae

111 2544 352 2605 sanguinei
378 2545 575 2608 lugubre
600 2547 786 2605 rubent,
815 2562 894 2595 aut
922 2547 1066 2595 Sirius
1091 2548 1237 2605 ardor,

110 2611 191 2657 ille
218 2611 343 2658 sitim
363 2613 642 2677 morbosque
669 2615 822 2661 ferens
849 2615 1122 2662 mortalibus
1147 2614 1306 2676 aegris,

112 2678 334 2735 nascitur,
361 2692 407 2726 et
432 2680 563 2726 laevo
587 2681 830 2728 contristat
855 2682 1039 2728 lumine
1064 2683 1266 2729 caelum.

142 2765 217 2805 245
249 2755 442 2806 spectabis.
554 2766 628 2806 251
660 2771 781 2808 super.
892 2759 969 2809 256
1000 2758 1167 2797 rubebat.
1279 2767 1356 2804 270
1386 2769 1441 2795 ac.

772 2828 805 2857 X
