1861 3256
509 265 842 329 GEORGIcoN
872 265 975 304 Lm.
1006 267 1071 303 1v
1490 266 1538 316 83

102 389 311 439 pastores
339 387 387 421 et
411 390 553 421 curva
579 373 748 433 legunt
771 389 921 435 prope
947 372 1146 420 flumina
1172 373 1375 421 Mellae.

103 443 243 489 huius
270 442 466 488 odorato
491 439 672 486 radices
703 440 911 502 incoque
937 440 1147 499 Baccho,

102 510 372 573 pabulaque
398 508 447 554 in
474 507 653 554 foribus
677 506 834 569 plenis
860 507 1050 569 adpone
1076 507 1307 563 canistris,
1480 523 1543 555 280

171 577 253 623 sed
279 577 313 622 si
341 592 483 639 quem
507 574 664 638 proles
692 573 848 620 subito
873 574 1104 622 defecerit
1129 576 1285 622 omnis

104 660 210 700 nec,
237 659 384 703 genus
411 642 540 689 unde
566 658 717 688 novae
743 641 900 703 stirpis
925 656 1190 700 revocetur,
1215 643 1427 701 habebit,

104 724 292 772 tempus
318 723 365 756 et
390 709 582 756 Arcadii
609 708 918 755 memoranda
944 708 1143 756 inventa
1167 709 1374 771 magistri

101 777 329 840 pandere,
357 794 546 840 quoque
572 776 717 822 modo
744 775 887 822 caesis
913 775 1007 822 iam
1035 793 1173 839 saepe
1199 777 1415 824 iuvencis

102 844 364 891 insincerus
392 861 501 906 apes
529 842 695 890 tulerit
721 860 875 890 cruor.
947 842 1088 889 altius
1113 860 1310 891 omnem

104 911 353 973 expediam
379 911 530 972 prima
556 923 778 973 repetens
806 910 862 956 ab
888 909 1068 970 origine
1096 911 1290 958 famam.

101 995 212 1024 nam
241 995 331 1040 qua
360 977 539 1024 Pellaei
565 993 679 1038 gens
705 978 946 1023 fortunata
975 977 1164 1040 Canopi

101 1045 275 1092 accolit
302 1045 450 1091 effuso
477 1057 778 1105 stagnantem
804 1044 1004 1091 flumine
1030 1045 1206 1092 Nilum

101 1126 147 1159 et
173 1113 355 1158 circum
380 1111 517 1174 pictis
543 1112 735 1159 vehitur
761 1129 839 1158 sua
866 1130 971 1158 rura
994 1112 1216 1174 phaselis,

99 1197 284 1242 quaque
310 1180 610 1241 pharetratae
636 1179 814 1225 vicinia
843 1179 1042 1225 Persidis
1069 1192 1253 1241 urguet,
1483 1203 1546 1235 290

101 1260 148 1293 et
174 1247 356 1292 diversa
383 1264 523 1292 ruens
550 1260 734 1309 septem
761 1246 979 1293 discurrit
1005 1246 1055 1293 in
1081 1265 1161 1294 ora

100 1331 247 1376 usque
274 1314 492 1360 coloratis
520 1314 672 1360 amnis
700 1314 908 1360 devexus
936 1315 991 1360 ab
1019 1315 1167 1373 Indis,

100 1395 147 1427 et
172 1381 376 1427 viridem
401 1382 676 1443 Aegyptum
705 1381 835 1441 nigra
862 1381 1091 1428 fecundat
1116 1384 1312 1441 harena,

99 1448 253 1494 omnis
280 1448 330 1494 in
356 1449 445 1494 hac
473 1461 650 1494 certam
677 1448 805 1509 regio
832 1449 947 1495 iacit
973 1462 1072 1495 arte
1098 1449 1316 1496 salutem.

100 1516 293 1576 exiguus
319 1515 528 1577 primum
555 1527 696 1578 atque
723 1515 846 1578 ipsos
874 1528 1148 1562 contractus
1173 1516 1222 1562 in
1249 1533 1358 1563 usus

102 1582 291 1643 eligitur
319 1583 480 1637 locus;
517 1583 647 1629 hunc
677 1583 956 1645 angustique
982 1583 1181 1629 imbrice
1209 1583 1325 1629 tecti

98 1650 453 1712 parietibusque
479 1663 707 1711 premunt
734 1650 842 1695 artis
871 1662 918 1696 et
944 1662 1168 1711 quattuor
1194 1650 1394 1708 addunt,

99 1730 326 1779 quattuor
352 1734 376 1762 a
402 1716 558 1762 ventis
586 1716 780 1779 obliqua
805 1717 913 1763 luce
940 1717 1186 1764 fenestraS.

99 1798 201 1829 tum
227 1783 404 1830 vitulus
431 1783 559 1829 bima
586 1800 786 1830 curvans
814 1783 909 1830 iam
936 1801 1114 1830 cornua
1141 1784 1301 1830 fronte

97 1850 370 1913 quaeritur3
405 1850 519 1897 huic
546 1850 765 1912 geminae
793 1868 927 1898 nares
956 1864 1003 1897 et
1029 1851 1214 1913 spiritus
1241 1851 1331 1897 oris
1479 1876 1543 1907 300

98 1919 249 1964 multa
274 1917 531 1964 reluctanti
558 1918 831 1976 obstruitur,
859 1918 1105 1981 plagisque
1130 1931 1383 1981 perempto

98 1999 234 2032 tunsa
260 2002 346 2047 per
370 1985 605 2046 integram
633 1986 883 2032 solvuntur
909 1986 1085 2033 viscera
1111 1986 1306 2048 pellem.

98 2053 161 2099 sic
188 2052 397 2115 positum
423 2052 473 2098 in
501 2053 661 2099 clauso
689 2052 918 2115 linquunt
947 2066 993 2100 et
1018 2069 1174 2099 ramea
1201 2053 1339 2100 costis

99 2119 342 2166 subiciunt
369 2120 650 2180 fragmenta,
680 2122 901 2182 thymum
928 2120 1168 2182 casiasque
1194 2132 1425 2168 recentes,

98 2188 187 2233 hoc
214 2187 392 2247 geritur
419 2187 653 2249 Zephyris
681 2187 888 2249 primum
915 2187 1264 2250 inpellentibus
1291 2188 1455 2247 undas,

100 2267 205 2299 ante
232 2254 365 2299 novis
393 2255 596 2300 rubeant
622 2271 765 2317 quam
792 2267 925 2317 prata
952 2254 1204 2313 coloribus,
1233 2268 1344 2302 ante

99 2321 282 2379 garrula
307 2338 450 2383 quam
477 2321 617 2382 tignis
643 2322 811 2368 nidum
839 2322 1095 2384 suspendat
1120 2321 1345 2369 hirundo.

101 2386 282 2432 interea
307 2388 483 2434 teneris
511 2389 777 2451 tepefactus
804 2389 854 2435 in
882 2389 1061 2435 ossibus
1089 2406 1225 2435 umor

104 2466 296 2512 aestuat,
325 2468 371 2501 et
396 2455 593 2502 visenda
619 2456 772 2502 modis
798 2456 1023 2502 animalia
1049 2456 1196 2514 miris,

104 2532 268 2593 trunca
293 2522 470 2582 pedum
495 2523 649 2585 primo
674 2540 785 2570 mox
813 2537 860 2570 et
885 2523 1134 2570 stridentia
1158 2523 1335 2587 pinnis,
1479 2547 1541 2578 310

103 2600 380 2646 m1scentur,
408 2601 700 2653 tenuemque
727 2591 872 2653 magis
899 2591 1042 2653 magis
1069 2599 1171 2637 a‘e'ra
1199 2603 1418 2654 carpunt,

105 2653 276 2709 donec,
302 2667 354 2699 ut
380 2656 565 2703 aestivis
593 2658 766 2704 effusus
793 2658 999 2704 nubibus
1026 2658 1193 2715 imber,

70 2741 146 2778 280
176 2754 330 2791 expone.
389 2743 465 2781 282
494 2744 659 2784 habebis.
717 2758 836 2796 291-3
868 2748 982 2783 horum
1001 2761 1163 2784 versuum
1182 2747 1263 2785 ordo
1282 2748 1425 2784 incertus
1443 2756 1502 2784 est.

472 2809 543 2847 301
577 2799 758 2838 obsuitur.
787 2802 790 2805 ’
819 2812 891 2850 311
925 2808 1090 2849 captant.
