1861 3256
247 260 319 299 192
701 245 746 284 P.
774 244 1009 282 VERGILI
1039 244 1300 283 MARONIS

307 351 716 415 praecipitemque
741 350 902 397 Daren
929 351 1096 397 ardens
1122 351 1215 412 agit
1240 368 1445 426 aequore
1470 364 1586 410 toto,

308 435 439 465 nunc
466 417 667 464 dextra
656 416 957 477 lngeminans
983 417 1121 475 ictUS,
1147 435 1277 465 nunc
1303 418 1387 464 ille
1413 417 1625 465 sinistra:

310 501 398 531 nec
424 500 568 540 mora,
596 499 685 529 nec
712 482 929 545 requies:
967 501 1109 546 quam
1133 485 1285 531 multa
1309 483 1540 545 grandine
1566 484 1717 531 nimbi

310 549 601 598 culminibus
627 548 880 611 crepitant,
908 549 973 596 sic
999 550 1154 597 densis
1180 550 1355 597 ictibus
1378 551 1514 597 heros

309 617 474 663 creber
499 628 700 678 utraque
725 632 870 662 manu
895 616 1052 678 pulsat
1075 630 1321 679 versatque
1347 616 1540 663 Dareta.
1677 632 1740 671 460

310 697 412 729 tum
436 694 570 744 pater
592 682 779 728 Aeneas
805 683 1063 744 procedere
1089 683 1273 744 longius
1299 682 1386 728 iras

309 762 353 795 et
379 747 557 794 saevire
584 748 753 794 animis
780 749 1027 796 Entellum
1051 750 1180 796 haud
1205 766 1361 811 passus
1388 748 1596 806 acerbis;

308 815 388 861 sed
412 814 558 860 finem
584 813 795 877 inposuit
819 832 1024 877 pugnae,
1051 816 1320 879 fessumque
1346 815 1522 862 Dareta

309 880 497 943 eripuit,
524 881 742 928 mulcens
767 881 922 939 dictiS,
950 899 1001 928 ac
1031 882 1141 928 talia
1168 883 1322 929 fatur:

309 947 496 1004 infelix,
523 964 642 1009 quae
669 960 800 994 tanta
828 948 1041 995 animum
1067 948 1309 995 dementia
1335 948 1492 1010 cepit?

309 1031 406 1060 non
432 1013 554 1059 vires
580 1013 693 1060 alias
720 1031 1043 1077 conversaque
1070 1015 1269 1062 numina
1295 1015 1470 1062 sentis?

309 1080 425 1127 cede
451 1080 574 1127 deo.'
645 1079 863 1142 dixitque
891 1094 937 1127 et
963 1081 1143 1143 proelia
1169 1099 1285 1129 voce
1311 1081 1520 1128 diremit.

310 1160 378 1194 ast
402 1147 544 1193 illum
569 1146 649 1192 fidi
677 1147 913 1209 aequales,
939 1164 1093 1208 genua
1120 1165 1255 1209 aegra
1281 1150 1565 1205 trahentem,

309 1213 665 1288 iactantemque
693 1226 895 1287 utroque
921 1227 1080 1276 caput,
1107 1231 1409 1278 crassumque
1436 1231 1650 1261 cruorem

308 1297 389 1326 ore
416 1280 704 1327 eiectantem
730 1279 999 1343 mixtosque
1025 1280 1076 1326 in
1103 1281 1332 1342 sanguine
1358 1281 1540 1338 dentes,
1680 1304 1743 1335 470

310 1347 496 1393 ducunt
521 1346 580 1393 ad
607 1363 779 1403 naves3
816 1347 1094 1409 galeamque
1123 1364 1380 1410 ensemque
1406 1346 1561 1393 vocati

310 1412 585 1475 accipiunt:
622 1413 831 1475 palmam
858 1413 1054 1459 Entello
1082 1426 1366 1476 taurumque
1392 1413 1690 1476 relinquunt.

309 1479 388 1526 hic
413 1479 581 1537 victor,
609 1497 833 1542 superans
861 1479 1030 1525 animis
1058 1492 1289 1553 tauroque
1315 1480 1572 1542 superbus:

310 1560 421 1593 nate
447 1546 550 1603 dea,
577 1563 754 1608 vosque
781 1546 933 1604 haec,'
960 1545 1134 1608 inquit,
1163 1550 1175 1571 ‘
1192 1546 1464 1620 cognoscite
1491 1546 1689 1603 Teucri,

311 1626 358 1659 et
383 1612 500 1659 mihi
528 1629 648 1675 quae
675 1612 857 1659 fuerint
884 1612 1132 1659 iuvenali
1121 1630 1171 1658 1n
1199 1630 1393 1675 corpore
1420 1612 1555 1670 vires,

311 1693 357 1726 et
383 1696 474 1742 qua
500 1679 692 1725 servetis
720 1692 994 1725 revocatum
1021 1697 1044 1725 a
1071 1692 1221 1725 morte
1246 1679 1457 1725 Dareta.'

310 1745 447 1803 dixit,
476 1758 522 1791 et
548 1744 728 1791 adversi
757 1758 923 1791 contra
949 1745 1080 1791 stetit
1107 1762 1185 1791 ora
1211 1745 1418 1803 iuvenci,

310 1812 391 1875 qui
418 1783 599 1858 donum
625 1812 839 1858 adstabat
864 1828 1083 1874 pugnae3
1120 1811 1356 1873 durosque
1382 1811 1579 1858 reducta

310 1878 502 1925 libravit
527 1878 693 1924 dextra
720 1878 876 1924 media
903 1878 1029 1923 inter
1055 1895 1231 1924 cornua
1257 1891 1439 1924 caestus

311 1945 499 2002 arduus,
527 1945 817 2018 effractoque
844 1944 1033 1990 inlisit
1022 1961 1072 1989 1n
1099 1961 1198 1990 ossa
1225 1945 1434 1991 cerebro.
1682 1958 1745 1997 480

311 2011 538 2058 sternitur
564 2010 892 2073 exanimisque
920 2024 1128 2056 tremens
1153 2010 1427 2072 procumbit
1453 2010 1588 2056 humi
1616 2011 1713 2058 bos.

310 2078 395 2124 ille
421 2094 561 2140 super
587 2077 703 2123 tales
736 2077 941 2123 effundit
968 2090 1161 2138 pectore
1187 2094 1355 2123 voces:

311 2146 434 2191 hanc
463 2143 565 2201 tibi,
594 2144 738 2205 Eryx,
766 2143 1015 2189 meliorem
1042 2143 1249 2189 animam
1274 2161 1359 2206 pro
1379 2157 1531 2190 morte
1553 2143 1742 2190 Daretis

311 2211 557 2274 persolvo:
593 2210 672 2256 hic
699 2210 852 2256 victor
878 2224 1061 2256 caestus
1088 2224 1333 2272 artemque
1359 2209 1572 2272 repon0.'

378 2277 595 2339 protinus
621 2278 807 2323 Aeneas
834 2276 978 2323 celeri
1007 2290 1187 2323 certare
1214 2277 1379 2337 sagitta

311 2344 500 2401 invitat,
527 2343 608 2406 qui
637 2343 759 2389 forte
785 2343 953 2400 velint,
983 2356 1029 2389 et
1055 2343 1263 2405 praemia
1289 2343 1437 2399 dicit;

312 2410 593 2472 ingentique
620 2426 764 2455 manu
792 2410 971 2455 malum
997 2410 1056 2455 de
1083 2426 1201 2455 nave
1230 2408 1401 2454 Seresti

314 2477 465 2538 erigit,
494 2489 540 2522 et
565 2476 809 2521 volucrem
837 2475 1035 2521 traiecto
1061 2475 1110 2520 in
1138 2475 1254 2520 fune
1281 2474 1568 2532 columbam,

314 2560 408 2607 quo
434 2542 636 2589 tendant
662 2541 856 2599 ferrum,
884 2541 1008 2587 malo
1034 2541 1281 2603 suspendit
1307 2541 1363 2587 ab
1390 2541 1501 2588 alt0.

315 2625 583 2657 convenere
609 2607 713 2664 viri,
740 2607 1072 2670 deiectamque
1100 2624 1232 2653 aerea
1259 2619 1430 2652 sortem
1681 2631 1744 2661 490

317 2675 502 2739 accepit
527 2674 689 2736 galea,
727 2687 773 2719 et
797 2673 977 2736 primus
1003 2674 1209 2720 clamore
1236 2674 1445 2720 secundo

709 2751 786 2799 486
818 2751 936 2801 ponit.
993 2763 1067 2800 491
1101 2751 1281 2799 primum.
