1866 3208
529 259 807 296 AENEIDos
838 258 942 296 LIB.
972 257 1056 294 vn
1465 268 1542 305 247

180 388 280 418 mos
308 384 404 417 erat
429 368 667 430 Hesperio
693 368 743 414 in
776 368 928 426 Latio,
957 385 1099 431 quem
1125 366 1505 430 protinus.urbes

111 440 324 485 Albanae
351 436 540 483 coluere
567 452 766 492 sacrum,
794 453 923 482 nunc
951 435 1155 482 maxima
1179 452 1335 480 rerum

116 507 267 551 Roma
293 503 421 557 colit,
451 519 561 548 cum
586 501 740 564 prima
766 516 963 548 movent
989 503 1038 548 in
1064 501 1242 564 proelia
1270 502 1499 557 Martem,

113 573 210 618 sive
238 570 375 618 Getis
401 569 578 615 inferre
606 586 749 615 manu
776 569 1071 615 lacrimabile
1099 570 1280 615 bellum

113 637 413 700 Hyrcanisve
438 636 666 682 Arabisve
692 649 873 698 parant,
902 653 981 682 seu
1009 637 1206 682 tendere
1234 636 1292 682 ad
1318 635 1464 681 Indos

110 706 441 766 Auroramque
469 703 600 765 sequi
630 703 923 765 Parthosque
950 720 1197 765 reposcere
1224 703 1355 764 signa
1381 721 1391 749 :

112 784 222 818 sunt
246 771 465 831 geminae
493 770 616 816 Belli
643 769 944 832 portae—sic
973 770 1169 816 nomine
1195 770 1434 817 dicunt—

111 837 341 898 religione
368 855 524 884 sacrae
552 851 597 883 et
623 836 746 883 saevi
774 836 1033 883 formidine
1062 837 1232 883 Martis
1254 856 1268 890 3

113 920 307 952 centum
334 905 456 951 aerei
487 904 720 950 claudunt
746 917 906 950 vectes
934 917 1217 967 aeternaque
1244 904 1353 950 ferri

110 972 291 1030 robora,
319 989 408 1018 nec
435 985 589 1018 custos
617 971 798 1017 absistit
826 970 993 1017 limine
1020 972 1178 1018 Ianus.
1491 985 1554 1016 610

111 1041 210 1095 ha5‚
237 1039 317 1085 ubi
345 1052 473 1085 certa
500 1038 628 1085 sedet
652 1038 865 1100 patribus
893 1037 1133 1085 sententia
1158 1055 1358 1101 pugnae,

112 1107 210 1182 ipse
239 1105 482 1162 Quirinali
508 1106 668 1152 trabea
694 1105 954 1168 cinctuque
983 1105 1174 1151 Gabino

112 1173 307 1234 insignis
333 1187 505 1220 reserat
531 1172 780 1219 stridentia
809 1172 975 1218 limina
1003 1172 1206 1229 consul;

59 1286 63 1291 ,
112 1240 210 1303 ipse
236 1254 373 1287 vocat
397 1256 614 1303 pugnas;
653 1240 868 1302 sequitur
895 1253 999 1286 tum
1026 1253 1180 1285 cetera
1206 1239 1373 1302 pubes,

113 1324 339 1370 aereaque
367 1308 566 1353 adsensu
594 1307 870 1369 conspirant
898 1323 1077 1353 cornua
1104 1323 1259 1353 rauco.

112 1376 204 1420 hoc
233 1388 278 1421 et
303 1388 405 1420 tum
431 1374 668 1421 Aeneadis
695 1374 910 1420 indicere
937 1373 1063 1420 bella
1089 1373 1288 1420 Latinus

113 1458 243 1487 more
269 1441 521 1488 iubebatur
546 1440 796 1504 tristesque
823 1441 1072 1487 recludere
1097 1455 1270 1503 portas.

115 1508 341 1555 abstinuit
367 1522 498 1555 tactu
525 1522 672 1571 pater,
701 1525 983 1570 aversusque
1009 1507 1184 1568 refugit

117 1575 255 1622 foeda
281 1575 559 1632 ministeria,
589 1589 635 1622 et
661 1575 813 1622 caecis
841 1593 888 1621 se
916 1575 1132 1621 condidit
1159 1574 1352 1621 umbris.

115 1656 218 1689 tum
244 1642 404 1704 regina
428 1642 571 1689 deum
597 1643 730 1689 caelo
757 1643 946 1704 delapsa
972 1655 1210 1688 morantes
1496 1656 1559 1687 620

115 1710 292 1771 inpulit
295 1683 415 1772 ΟΞΡεει
441 1726 584 1756 manu
610 1722 782 1772 portaS,
811 1722 857 1755 et
884 1709 1077 1755 cardine
1102 1725 1235 1755 verso

114 1776 230 1823 belli
258 1777 448 1822 ferratos
474 1777 655 1838 rumpit
684 1776 902 1822 Saturnia
929 1790 1098 1837 postes.

116 1843 250 1890 ardet
276 1843 487 1890 inexcita
512 1843 726 1889 Ausonia
754 1856 898 1906 atque
926 1843 1172 1889 inmobilis
1200 1856 1312 1889 ante
1338 1861 1348 1889 :

113 1928 217 1973 pars
242 1910 388 1973 pedes
414 1910 483 1957 ire
507 1923 643 1973 parat
670 1910 866 1973 campis,
894 1927 999 1973 pars
1027 1910 1198 1956 arduus
1226 1910 1331 1956 altis

113 1978 478 2040 pulverulentus
506 1977 638 2041 equis
666 1977 783 2024 furit
807 1998 820 2034 3
859 1995 1025 2023 omnes
1053 1995 1180 2023 arma
1207 1976 1476 2040 requirunt.

113 2062 220 2107 pars
246 2045 374 2091 leves
400 2045 581 2107 clipeos
610 2058 657 2091 et
684 2045 867 2107 spicula
895 2044 1056 2091 lucida
1083 2057 1274 2105 tergent

116 2111 279 2157 arvina
304 2111 472 2174 pingui
500 2112 822 2174 subiguntque
850 2111 901 2157 in
929 2125 1037 2158 cote
1065 2129 1250 2158 secures
1274 2133 1286 2168 3

54 2203 59 2206 ·
116 2178 345 2241 signaque
372 2179 496 2225 ferre
524 2178 655 2225 iuvat
683 2178 963 2242 sonitusque
991 2178 1155 2225 audire
1184 2179 1421 2225 tubarum.

116 2245 328 2308 quinque
356 2246 475 2292 adeo
501 2262 699 2306 magnae
725 2245 892 2308 positis
920 2245 1176 2292 incudibus
1203 2246 1341 2292 urbes

117 2313 213 2359 tela
238 2326 433 2370 novant,
459 2312 607 2359 Atina
633 2326 822 2375 potens,
853 2313 1110 2376 Tiburque
1137 2313 1412 2376 superbum,
1499 2327 1561 2367 630

116 2380 270 2426 Ardea
298 2379 696 2443 Crustumerique
725 2393 771 2427 et
798 2380 1058 2441 turrigerae
1084 2382 1375 2426 Antemnae.

122 2446 330 2506 tegmina
357 2460 459 2493 tuta
485 2460 658 2494 cavant
685 2447 914 2510 capitum,
943 2447 1245 2510 flectuntque
1272 2447 1469 2507 salignas

120 2513 384 2560 umbonum
410 2527 559 2561 crates
583 2535 596 2571 ;
634 2514 713 2560 alii
741 2516 955 2561 thoracas
984 2522 1123 2561 ae'nos

122 2591 202 2624 aut
227 2578 353 2625 leves
379 2598 538 2627 ocreas
566 2582 700 2628 lento
726 2582 914 2629 ducunt
941 2595 1154 2643 argento·

121 2645 322 2691 vomeris
349 2647 442 2693 huc
470 2661 517 2694 et
543 2648 679 2695 falcis
705 2650 875 2707 honos,
901 2650 996 2696 huc
1024 2649 1178 2695 omnis
1206 2648 1347 2695 aratri

123 2711 261 2758 cessit
288 2729 454 2770 amor3
489 2728 760 2777 recoquunt
785 2715 963 2778 patrios
990 2715 1265 2762 fornacibus
1294 2731 1443 2760 enses.

122 2778 316 2825 classica
343 2779 533 2842 iamque
560 2794 732 2827 sonant
760 2802 771 2837 3
808 2782 847 2828 it
871 2782 1002 2829 bello
1029 2795 1202 2828 tessera
1229 2781 1433 2841 signum.
