1866 3208
557 284 832 322 AENEIDOS
864 285 967 322 LIB.
998 283 1082 321 VII
1492 293 1570 331 249

139 404 187 438 et
211 390 415 453 primam
440 401 551 435 ante
578 388 732 434 aciem
760 389 905 435 densa
932 390 1060 436 inter
1088 390 1181 435 tela
1208 388 1429 435 feruntur
1451 408 1465 442 3

139 475 227 504 ceu
254 458 348 503 duo
375 455 642 515 nubigenae
669 472 781 501 cum
807 456 987 503 vertice
1014 456 1189 502 montis
1217 456 1273 501 ab
1300 455 1397 502 alto

138 523 439 570 descendunt
467 521 715 580 Centauri,
749 522 996 569 Homolen
1031 524 1336 585 Othrquue
1363 521 1571 568 nivalem

137 591 412 652 linquentes
439 606 578 635 cursu
604 589 768 652 rapido
791 610 805 646 ;
843 590 923 636 dat
949 590 1175 636 euntibus
1202 590 1368 650 ingens

137 657 252 703 silva
278 657 454 715 locum,
483 669 530 702 et
556 673 727 717 magno
754 656 935 702 cedunt
960 657 1166 717 virgulta
1194 657 1391 717 fragore.

203 740 291 770 nec
322 723 660 769 Praenestinae
687 723 913 769 fundator
939 724 1096 769 defuit
1123 724 1266 782 urbis,

137 791 360 837 Vulcano
385 790 604 851 genitum
630 807 803 853 pecora
829 790 957 836 inter
984 790 1182 851 agrestia
1209 807 1368 851 regem

134 857 486 920 inventumque
513 856 629 903 focis
657 857 811 902 omnis
839 874 982 920 quem
1011 857 1216 903 credidit
1242 871 1384 915 aetas,
1512 871 1574 903 680

137 925 394 972 Caeculus,
465 926 595 970 hunc
624 924 748 984 legio
775 924 870 970 late
898 924 1155 970 comitatur
1183 924 1374 986 agrestis
1399 945 1411 981 ;

133 991 313 1054 quique
341 992 492 1038 altum
520 991 775 1038 Praeneste
801 991 906 1049 viri,
935 991 1115 1054 quique
1143 1010 1249 1037 arva
1278 991 1498 1037 Gabinae

134 1058 335 1104 Iunonis
362 1059 671 1121 gelidumque
698 1058 941 1104 Anienem
970 1072 1017 1104 et
1043 1059 1226 1105 roscida
1253 1058 1361 1104 rivis

135 1125 351 1172 Hernica
378 1143 484 1171 saxa
511 1125 715 1182 colunt3
754 1143 869 1189 quos
898 1125 980 1172 div
984 1142 1028 1171 es
1056 1124 1277 1186 Anagnia
1302 1124 1468 1187 pascit,

133 1209 266 1256 qUOS,
293 1193 531 1239 Amasene
556 1206 706 1255 pater.
780 1210 878 1239 non
906 1192 1000 1238 illis
1028 1192 1250 1238 omnibus
1277 1209 1403 1238 arma

133 1276 222 1306 nec
250 1259 394 1322 clipei
422 1277 646 1307 currusve
673 1273 859 1307 sonant.
931 1277 1037 1322 pars
1065 1259 1272 1305 maxima
1296 1259 1493 1319 glandes

132 1326 324 1373 liventis
349 1327 537 1390 plumbi
564 1327 775 1390 spargit3
812 1345 917 1390 pars
945 1327 1128 1389 spicula
1154 1339 1304 1387 gestat

132 1393 245 1439 bina
270 1411 432 1451 manu,
461 1394 712 1469 fulvosque
738 1395 840 1457 lupi
869 1395 927 1440 de
954 1394 1083 1456 pelle
1110 1395 1289 1454 galeros

133 1473 326 1536 tegmen
352 1461 533 1507 habent
560 1461 704 1523 capiti
729 1482 742 1517 3
781 1461 979 1522 vestigia
1007 1461 1135 1506 nuda
1163 1460 1338 1506 sinistri

132 1527 385 1574 instituere
410 1528 561 1590 pedis,
590 1529 764 1574 crudus
794 1528 909 1589 tegit
936 1528 1083 1573 altera
1108 1545 1239 1590 pero.
1511 1543 1574 1583 690

200 1607 246 1641 at
274 1595 539 1657 Messapus,
568 1612 746 1658 equum
773 1594 994 1653 domitor,
1023 1594 1275 1656 Neptunia
1299 1594 1469 1657 proles,

131 1679 275 1737 quem
301 1679 460 1724 neque
486 1662 592 1708 fas
581 1662 678 1722 igni
708 1662 934 1724 cuiquam
962 1678 1050 1707 nec
1078 1674 1289 1707 sternere
1316 1662 1455 1719 ferro,

130 1728 224 1775 iam
241 1728 440 1804 pridem
466 1729 640 1775 resides
665 1730 869 1791 populos
898 1729 1192 1791 desuetaque
1218 1728 1347 1774 bello

129 1795 318 1856 agmina
343 1795 394 1842 in
421 1812 549 1842 arma
573 1809 713 1842 vocat
740 1795 915 1853 subito,
944 1796 1220 1858 ferrumque
1248 1807 1490 1843 retractat.

126 1862 179 1908 hi
206 1862 528 1909 Fescenninas
555 1862 679 1909 acies
703 1863 998 1925 Aequosque
1026 1862 1248 1921 Faliscos,

127 1929 178 1975 hi
207 1929 408 1976 Soractis
435 1930 617 1976 habent
643 1947 770 1976 arces
799 1930 1112 1993 Flaviniaque
1140 1948 1262 1988 arva,

129 2009 177 2043 et
204 1996 388 2043 Cimini
414 2013 525 2043 cum
552 2010 717 2044 monte
745 1998 904 2043 lacum
938 1998 1168 2059 lucosque
1197 1997 1436 2059 Capenos.

129 2063 264 2110 ibant
290 2064 480 2127 aequati
508 2081 724 2122 numero,
753 2081 1010 2127 regemque
1037 2064 1277 2111 canebant
1303 2083 1312 2110 ε

129 2147 218 2177 ceu
245 2131 490 2194 quondam
516 2131 643 2178 nivei
671 2131 853 2194 liquida
880 2131 1007 2177 inter
1033 2131 1201 2177 nubila
1228 2130 1367 2192 cycni

129 2214 241 2245 cum
267 2215 365 2244 sese
393 2215 417 2244 e
442 2210 580 2260 pastu
607 2198 823 2244 referunt
851 2210 897 2244 et
923 2199 1063 2259 longa
1090 2214 1288 2244 canoros
1512 2223 1574 2252 700

130 2265 247 2312 dant
272 2282 357 2328 per
382 2265 505 2312 colla
531 2265 695 2311 modos
722 2284 733 2319 3
771 2278 906 2311 sonat
933 2265 1084 2312 amnis
1112 2277 1160 2311 et
1184 2264 1295 2311 Asia
1323 2265 1463 2326 longe

130 2332 266 2394 pulsa
290 2333 443 2395 palus.

133 2415 222 2445 nec
248 2399 499 2463 quisquam
526 2413 702 2446 aeratas
730 2400 853 2446 acies
881 2417 938 2446 ex
967 2399 1155 2461 agmine
1184 2412 1316 2446 tanto

134 2464 320 2512 misceri
347 2480 504 2529 putet,
531 2467 705 2514 aeriam
732 2467 813 2513 sed
839 2467 1023 2528 gurgite
1051 2467 1108 2513 ab
1136 2467 1234 2513 alto

134 2532 321 2592 urgueri
347 2534 598 2581 volucrum
624 2551 874 2581 raucarum
902 2534 961 2580 ad
987 2534 1128 2580 litora
1157 2534 1351 2581 nubem.

203 2615 330 2656 ecce,
360 2601 645 2648 Sabinorum
670 2602 825 2664 prisco
852 2602 910 2648 de
938 2601 1168 2662 sanguine
1195 2617 1421 2661 magnum

135 2681 304 2725 agmen
331 2682 471 2726 agens
499 2668 718 2726 Clausus,
747 2668 1002 2731 magnique
1029 2668 1129 2730 ipse
1157 2667 1355 2728 agminis
1382 2666 1544 2722 instar,

137 2731 339 2777 Claudia
365 2749 494 2779 nunc
521 2751 546 2779 a
571 2751 666 2796 quo
692 2734 982 2780 diffunditur
1014 2747 1061 2780 et
1087 2734 1236 2780 tribus
1264 2746 1311 2778 et
1335 2749 1448 2793 gens

134 2815 219 2861 per
243 2798 452 2856 Latium,
480 2812 731 2862 postquam
757 2801 807 2846 in
838 2814 1023 2862 partem
1050 2800 1158 2846 data
1186 2800 1338 2845 Roma
1367 2798 1569 2846 Sabinis.
