1861 3256
522 731 569 775 P.
601 731 856 774 VERGILI
888 732 1175 775 MARONIS

426 835 1262 902 AENEIDOS

589 993 794 1040 LIBER
833 992 1096 1039 PRIMUS

162 1127 314 1173 ARMA
340 1126 588 1189 virumque
615 1143 748 1183 cano,
778 1125 952 1171 Troiae
980 1127 1059 1188 qui
1078 1127 1269 1189 [primus
1295 1129 1351 1174 ab
1376 1128 1466 1175 oris

164 1193 352 1240 Italiam
378 1194 474 1239 fato
499 1193 721 1255 profugus
749 1193 1184 1256 Lavinaque-venit

163 1260 312 1317 litora,
340 1262 548 1307 multum
573 1261 655 1306 ille
683 1274 728 1307 et
755 1262 887 1307 terris
914 1262 1109 1308 iactatus
1136 1275 1182 1308 et
1208 1263 1318 1308 alto*

163 1329 209 1374 vi
237 1345 472 1390 superum,
501 1344 660 1374 saevae
687 1345 949 1375 memorem
976 1329 1175 1375 Iunonis
1201 1330 1260 1375 ob
1287 1329 1417 1386 iram,

164 1396 314 1442 multa
339 1412 526 1458 quoque
553 1408 599 1441 et
625 1395 752 1441 bello
778 1413 947 1458 passus,
976 1396 1090 1442 dum
1117 1397 1343 1443 conderet
1371 1398 1536 1444 urbem

164 1463 454 1525 inferretque
481 1462 589 1508 deos
616 1462 771 1519 Latio,
797 1479 945 1523 genus
973 1463 1099 1508 unde
1127 1463 1355 1510 Latinum

162 1529 434 1592 Albanique
460 1542 610 1591 patres
637 1543 776 1592 atque
805 1530 924 1576 altae
952 1530 1140 1585 moenia
1167 1531 1361 1577 Rornae.

232 1597 390 1653 Musa,
415 1596 532 1641 mihi
559 1613 714 1642 causas
747 1614 969 1653 memora,
1000 1615 1093 1659 quo
1119 1598 1319 1643 numine
1346 1599 1470 1645 laeso

163 1663 336 1726 quidve
362 1663 526 1709 dolens
553 1663 712 1723 regina
733 1663 881 1709 'deum
912 1676 980 1709 tot
1006 1664 1196 1711 volvere
1223 1682 1353 1711 casus

162 1731 396 1791 insignem
421 1730 594 1792 pietate
623 1730 792 1790 virum,
825 1744 892 1776 tot
921 1731 1045 1776 adirs
1074 1731 1251 1777 iabores.
1568 1757 1609 1779 10

162 1795 417 1861 inpulerit]
479 1811 695 1844 tantaene
725 1798 893 1843 animifi
923 1800 1200 1844 caelestibus
1227 1799 1354 1852 irae?

229 1899 336 1945 urbs
363 1892 555 1962 antiqua
582 1898 885 1960 fuit—Tyrii
916 1901 1112 1953 tenuere
1140 1898 1368 1945 coloni——

163 1966 416 2027 Karthago,
444 1966 630 2012 Italiam
659 1979 823 2012 contra
852 1965 1180 2029 Tiberinaque
1207 1967 1344 2026 longe

161 2034 290 2091 ostia,
318 2034 446 2080 dives
473 2051 617 2096 opum
645 2033 904 2096 studiisque
934 2033 1182 2095 asperrima
1208 2033 1322 2079 belli
1349 2054 1362 2090 ;

161 2119 302 2165 quarn
328 2103 452 2147 Iuno
477 2101 624 2147 fertur
651 2100 781 2147 terris
811 2100 954 2160 magis
984 2100 1203 2146 omnibus
1230 2117 1373 2146 unam

161 2169 426 2231 posthabita
450 2168 647 2214 coluisse
678 2169 816 2214 Samo
847 2186 856 2213 :
893 2167 971 2213 hic
1000 2167 1127 2213 illius
1153 2185 1292 2224 arma,

161 2236 239 2283 hic
267 2253 426 2304 currus
454 2235 544 2282 fuit
571 2256 584 2292 3
620 2237 710 2282 hoc
739 2251 940 2295 regnum
969 2234 1053 2280 dea
1078 2235 1296 2294 gentibus
1323 2251 1435 2292 esse,

164 2303 199 2349 si
225 2304 433 2367 qua'fata
458 2303 630 2360 sinant,
656 2302 748 2348 iam
777 2315 877 2348 tum
909 2301 1158 2365 tenditque
1185 2302 1422 2366 fovetque.

164 2371 438 2432 progeniem
463 2370 545 2417 sed
569 2369 699 2416 enim
726 2369 940 2415 Troiano
968 2386 992 2414 a
1018 2369 1244 2429 sanguine
1271 2370 1382 2416 duci

170 2470 204 2497 1.
234 2462 336 2498 Suet.
365 2461 451 2498 Vit.
473 2463 589 2509 Verg.
614 2472 679 2509 42.
742 2459 859 2496 Nisus
893 2461 1165 2507 grammaticus
1198 2460 1342 2497 audisse
1371 2459 1603 2499 se...aiebat

99 2512 264 2550 Varium
285 2514 395 2563 primi
416 2515 499 2552 libri
521 2515 722 2552 correxisse
746 2513 975 2564 principium
997 2514 1057 2552 his
1080 2515 1245 2552 versibus
1267 2515 1428 2565 demptis

367 2578 432 2615 ille
451 2592 530 2627 ego,
550 2579 612 2629 qui
633 2580 825 2629 quondam
847 2580 976 2625 gracili
998 2581 1217 2617 modulatus
1239 2593 1358 2616 avena

369 2644 533 2678 carmen,
554 2639 592 2669 et
612 2646 775 2680 egressus
797 2631 900 2669 silvis
924 2633 1049 2670 vicina
1071 2633 1173 2681 coegi

368 2690 413 2720 ut
431 2686 603 2733 quamvis
623 2687 926 2736 avidoparerent
947 2700 1035 2724 arva
1057 2689 1207 2732 colono,

370 2743 519 2785 gratum
540 2751 631 2786 opus
652 2740 822 2786 agricolis
841 2754 852 2788 3
881 2747 920 2776 at
940 2754 1045 2777 nunc
1066 2740 1260 2777 horrentia
1283 2739 1423 2775 Martis
