<?xml version="1.0" encoding="UTF-8"?>
<!DOCTYPE html PUBLIC "-//W3C//DTD XHTML 1.0 Transitional//EN"
    "http://www.w3.org/TR/xhtml1/DTD/xhtml1-transitional.dtd">
<html xmlns="http://www.w3.org/1999/xhtml" xml:lang="en" lang="en">
 <head>
  <title>
</title>
<meta http-equiv="Content-Type" content="text/html;charset=utf-8" />
  <meta name='ocr-system' content='tesseract 3.04.00' />
  <meta name='ocr-capabilities' content='ocr_page ocr_carea ocr_par ocr_line ocrx_word'/>
</head>
<body>
  <div class='ocr_page' id='page_1' title='image "./operabucolicageo00virguoft_0230.png"; bbox 0 0 1866 3208; ppageno 0'>
   <div class='ocr_carea' id='block_1_1' title="bbox 246 236 1303 280">
    <p class='ocr_par' dir='ltr' id='par_1_1' title="bbox 246 236 1303 280">
     <span class='ocr_line' id='line_1_1' title="bbox 246 236 1303 280; baseline -0.001 -1"><span class='ocrx_word' id='word_1_1' title='bbox 246 253 323 280; x_wconf 91' lang='lat'><strong>200</strong></span> <span class='ocrx_word' id='word_1_2' title='bbox 705 239 749 279; x_wconf 87' lang='lat' dir='ltr'><strong>P.</strong></span> <span class='ocrx_word' id='word_1_3' title='bbox 778 236 1014 278; x_wconf 89' lang='lat' dir='ltr'>VERGILI</span> <span class='ocrx_word' id='word_1_4' title='bbox 1044 237 1303 279; x_wconf 88' lang='lat' dir='ltr'><strong>MARONIS</strong></span> 
     </span>
    </p>
   </div>
   <div class='ocr_carea' id='block_1_2' title="bbox 285 346 1745 2736">
    <p class='ocr_par' dir='ltr' id='par_1_2' title="bbox 381 346 1580 422">
     <span class='ocr_line' id='line_1_2' title="bbox 381 346 1580 422; baseline 0 -28"><span class='ocrx_word' id='word_1_5' title='bbox 381 347 622 422; x_wconf 88' lang='lat' dir='ltr'><strong>extemplo</strong></span> <span class='ocrx_word' id='word_1_6' title='bbox 647 346 793 393; x_wconf 89' lang='lat' dir='ltr'><strong>socios</strong></span> <span class='ocrx_word' id='word_1_7' title='bbox 818 347 1120 411; x_wconf 57' lang='lat' dir='ltr'><strong>primumque</strong></span> <span class='ocrx_word' id='word_1_8' title='bbox 1146 348 1334 395; x_wconf 88' lang='lat' dir='ltr'>arcessit</span> <span class='ocrx_word' id='word_1_9' title='bbox 1357 349 1580 406; x_wconf 86' lang='lat' dir='ltr'><strong>Acesten,</strong></span> 
     </span>
    </p>

    <p class='ocr_par' dir='ltr' id='par_1_3' title="bbox 315 412 1490 478">
     <span class='ocr_line' id='line_1_3' title="bbox 315 412 1490 478; baseline -0.001 -18"><span class='ocrx_word' id='word_1_10' title='bbox 315 427 362 460; x_wconf 91' lang='lat' dir='ltr'><strong>et</strong></span> <span class='ocrx_word' id='word_1_11' title='bbox 387 414 548 460; x_wconf 88' lang='lat' dir='ltr'><strong>Iovis</strong></span> <span class='ocrx_word' id='word_1_12' title='bbox 537 412 791 475; x_wconf 81' lang='lat' dir='ltr'><strong>imperium</strong></span> <span class='ocrx_word' id='word_1_13' title='bbox 817 425 864 459; x_wconf 91' lang='lat' dir='ltr'><strong>et</strong></span> <span class='ocrx_word' id='word_1_14' title='bbox 889 413 982 460; x_wconf 89' lang='lat' dir='ltr'><strong>cari</strong></span> <span class='ocrx_word' id='word_1_15' title='bbox 1006 429 1258 478; x_wconf 91' lang='lat' dir='ltr'><strong>praecepta</strong></span> <span class='ocrx_word' id='word_1_16' title='bbox 1282 414 1490 477; x_wconf 90' lang='lat' dir='ltr'><strong>parentis</strong></span> 
     </span>
    </p>

    <p class='ocr_par' dir='ltr' id='par_1_4' title="bbox 314 479 1538 541">
     <span class='ocr_line' id='line_1_4' title="bbox 314 479 1538 541; baseline 0 -15"><span class='ocrx_word' id='word_1_17' title='bbox 314 480 498 536; x_wconf 88' lang='lat' dir='ltr'><strong>edocet,</strong></span> <span class='ocrx_word' id='word_1_18' title='bbox 526 491 572 525; x_wconf 93' lang='lat' dir='ltr'><strong>et</strong></span> <span class='ocrx_word' id='word_1_19' title='bbox 597 495 716 541; x_wconf 90' lang='lat' dir='ltr'><strong>quae</strong></span> <span class='ocrx_word' id='word_1_20' title='bbox 743 495 873 526; x_wconf 91' lang='lat' dir='ltr'><strong>nunc</strong></span> <span class='ocrx_word' id='word_1_21' title='bbox 893 479 1051 527; x_wconf 91' lang='lat' dir='ltr'><strong>animo</strong></span> <span class='ocrx_word' id='word_1_22' title='bbox 1076 481 1312 528; x_wconf 89' lang='lat' dir='ltr'><strong>sententia</strong></span> <span class='ocrx_word' id='word_1_23' title='bbox 1337 493 1538 527; x_wconf 90' lang='lat' dir='ltr'><strong>constet</strong></span> 
     </span>
    </p>

    <p class='ocr_par' dir='ltr' id='par_1_5' title="bbox 312 545 1742 741">
     <span class='ocr_line' id='line_1_5' title="bbox 313 545 1552 604; baseline 0 -12"><span class='ocrx_word' id='word_1_24' title='bbox 313 546 442 592; x_wconf 90' lang='lat' dir='ltr'><strong>haud</strong></span> <span class='ocrx_word' id='word_1_25' title='bbox 466 562 596 591; x_wconf 91' lang='lat' dir='ltr'><strong>mora</strong></span> <span class='ocrx_word' id='word_1_26' title='bbox 622 545 848 604; x_wconf 90' lang='lat' dir='ltr'><strong>consiliis,</strong></span> <span class='ocrx_word' id='word_1_27' title='bbox 876 563 963 593; x_wconf 92' lang='lat' dir='ltr'><strong>nec</strong></span> <span class='ocrx_word' id='word_1_28' title='bbox 989 547 1109 594; x_wconf 91' lang='lat' dir='ltr'><strong>iussa</strong></span> <span class='ocrx_word' id='word_1_29' title='bbox 1135 559 1319 594; x_wconf 85' lang='lat' dir='ltr'><strong>recusat</strong></span> <span class='ocrx_word' id='word_1_30' title='bbox 1343 548 1552 593; x_wconf 89' lang='lat' dir='ltr'><strong>Acestes.</strong></span> 
     </span>
     <span class='ocr_line' id='line_1_6' title="bbox 314 611 1742 677; baseline 0.001 -18"><span class='ocrx_word' id='word_1_31' title='bbox 314 611 637 659; x_wconf 90' lang='lat' dir='ltr'><strong>transcribunt</strong></span> <span class='ocrx_word' id='word_1_32' title='bbox 663 611 767 658; x_wconf 92' lang='lat' dir='ltr'><strong>urbi</strong></span> <span class='ocrx_word' id='word_1_33' title='bbox 794 625 980 671; x_wconf 88' lang='lat' dir='ltr'><strong>matres,</strong></span> <span class='ocrx_word' id='word_1_34' title='bbox 1006 614 1335 677; x_wconf 89' lang='lat' dir='ltr'><strong>populumque</strong></span> <span class='ocrx_word' id='word_1_35' title='bbox 1361 613 1604 660; x_wconf 90' lang='lat' dir='ltr'><strong>volentem</strong></span> <span class='ocrx_word' id='word_1_36' title='bbox 1679 638 1742 668; x_wconf 84' lang='lat'><strong>750</strong></span> 
     </span>
     <span class='ocr_line' id='line_1_7' title="bbox 312 677 1516 741; baseline 0.002 -17"><span class='ocrx_word' id='word_1_37' title='bbox 312 679 579 740; x_wconf 89' lang='lat' dir='ltr'><strong>deponunt,</strong></span> <span class='ocrx_word' id='word_1_38' title='bbox 606 677 787 725; x_wconf 91' lang='lat' dir='ltr'><strong>animos</strong></span> <span class='ocrx_word' id='word_1_39' title='bbox 813 678 881 724; x_wconf 91' lang='lat' dir='ltr'><strong>nil</strong></span> <span class='ocrx_word' id='word_1_40' title='bbox 909 696 1105 741; x_wconf 88' lang='lat' dir='ltr'><strong>magnae</strong></span> <span class='ocrx_word' id='word_1_41' title='bbox 1131 680 1282 726; x_wconf 90' lang='lat' dir='ltr'><strong>laudis</strong></span> <span class='ocrx_word' id='word_1_42' title='bbox 1310 692 1516 740; x_wconf 87' lang='lat' dir='ltr'><strong>egentes.</strong></span> 
     </span>
    </p>

    <p class='ocr_par' dir='ltr' id='par_1_6' title="bbox 311 744 1651 876">
     <span class='ocr_line' id='line_1_8' title="bbox 312 744 1651 809; baseline 0.001 -19"><span class='ocrx_word' id='word_1_43' title='bbox 312 744 400 806; x_wconf 91' lang='lat' dir='ltr'><strong>ipsi</strong></span> <span class='ocrx_word' id='word_1_44' title='bbox 428 756 628 790; x_wconf 89' lang='lat' dir='ltr'><strong>transtra</strong></span> <span class='ocrx_word' id='word_1_45' title='bbox 655 758 848 803; x_wconf 91' lang='lat' dir='ltr'><strong>novant,</strong></span> <span class='ocrx_word' id='word_1_46' title='bbox 877 744 1173 809; x_wconf 88' lang='lat' dir='ltr'><strong>flammisque</strong></span> <span class='ocrx_word' id='word_1_47' title='bbox 1200 747 1386 792; x_wconf 89' lang='lat' dir='ltr'><strong>ambesa</strong></span> <span class='ocrx_word' id='word_1_48' title='bbox 1412 759 1651 808; x_wconf 91' lang='lat' dir='ltr'><strong>reponunt</strong></span> 
     </span>
     <span class='ocr_line' id='line_1_9' title="bbox 311 810 1540 876; baseline 0.002 -20"><span class='ocrx_word' id='word_1_49' title='bbox 311 811 477 857; x_wconf 90' lang='lat' dir='ltr'><strong>robora</strong></span> <span class='ocrx_word' id='word_1_50' title='bbox 504 810 717 872; x_wconf 87' lang='lat' dir='ltr'><strong>navigiis,</strong></span> <span class='ocrx_word' id='word_1_51' title='bbox 742 824 907 874; x_wconf 88' lang='lat' dir='ltr'><strong>aptant</strong></span> <span class='ocrx_word' id='word_1_52' title='bbox 932 830 1179 876; x_wconf 90' lang='lat' dir='ltr'><strong>remosque</strong></span> <span class='ocrx_word' id='word_1_53' title='bbox 1205 813 1540 875; x_wconf 85' lang='lat' dir='ltr'><strong>rudentesque,</strong></span> 
     </span>
    </p>

    <p class='ocr_par' dir='ltr' id='par_1_7' title="bbox 312 877 1339 938">
     <span class='ocr_line' id='line_1_10' title="bbox 312 877 1339 938; baseline 0 -14"><span class='ocrx_word' id='word_1_54' title='bbox 312 877 468 938; x_wconf 87' lang='lat' dir='ltr'><strong>exigui</strong></span> <span class='ocrx_word' id='word_1_55' title='bbox 496 894 713 935; x_wconf 90' lang='lat' dir='ltr'><strong>numero,</strong></span> <span class='ocrx_word' id='word_1_56' title='bbox 738 878 819 925; x_wconf 89' lang='lat' dir='ltr'><strong>sed</strong></span> <span class='ocrx_word' id='word_1_57' title='bbox 844 878 972 925; x_wconf 94' lang='lat' dir='ltr'><strong>bello</strong></span> <span class='ocrx_word' id='word_1_58' title='bbox 998 879 1153 926; x_wconf 88' lang='lat' dir='ltr'><strong>vivida</strong></span> <span class='ocrx_word' id='word_1_59' title='bbox 1178 878 1339 925; x_wconf 79' lang='lat' dir='ltr'><strong>virtus,</strong></span> 
     </span>
    </p>

    <p class='ocr_par' dir='ltr' id='par_1_8' title="bbox 310 944 1326 1007">
     <span class='ocr_line' id='line_1_11' title="bbox 310 944 1326 1007; baseline 0.001 -17"><span class='ocrx_word' id='word_1_60' title='bbox 310 944 494 990; x_wconf 90' lang='lat' dir='ltr'><strong>interea</strong></span> <span class='ocrx_word' id='word_1_61' title='bbox 518 944 702 990; x_wconf 91' lang='lat' dir='ltr'><strong>Aeneas</strong></span> <span class='ocrx_word' id='word_1_62' title='bbox 730 945 895 991; x_wconf 93' lang='lat' dir='ltr'><strong>urbem</strong></span> <span class='ocrx_word' id='word_1_63' title='bbox 920 945 1134 1007; x_wconf 87' lang='lat' dir='ltr'><strong>designat</strong></span> <span class='ocrx_word' id='word_1_64' title='bbox 1159 958 1326 1001; x_wconf 86' lang='lat' dir='ltr'><strong>aratro,</strong></span> 
     </span>
    </p>

    <p class='ocr_par' dir='ltr' id='par_1_9' title="bbox 311 1010 1701 1206">
     <span class='ocr_line' id='line_1_12' title="bbox 311 1010 1701 1073; baseline 0.001 -17"><span class='ocrx_word' id='word_1_65' title='bbox 311 1010 600 1073; x_wconf 90' lang='lat' dir='ltr'><strong>sortiturque</strong></span> <span class='ocrx_word' id='word_1_66' title='bbox 626 1011 821 1068; x_wconf 90' lang='lat' dir='ltr'><strong>domos;</strong></span> <span class='ocrx_word' id='word_1_67' title='bbox 857 1013 948 1058; x_wconf 93' lang='lat' dir='ltr'><strong>hoc</strong></span> <span class='ocrx_word' id='word_1_68' title='bbox 969 1012 1128 1070; x_wconf 92' lang='lat' dir='ltr'><strong>Ilium,</strong></span> <span class='ocrx_word' id='word_1_69' title='bbox 1157 1025 1203 1059; x_wconf 91' lang='lat' dir='ltr'><strong>et</strong></span> <span class='ocrx_word' id='word_1_70' title='bbox 1227 1013 1343 1058; x_wconf 91' lang='lat' dir='ltr'><strong>haec</strong></span> <span class='ocrx_word' id='word_1_71' title='bbox 1371 1011 1475 1057; x_wconf 90' lang='lat' dir='ltr'><strong>loca</strong></span> <span class='ocrx_word' id='word_1_72' title='bbox 1502 1010 1701 1058; x_wconf 90' lang='lat' dir='ltr'><strong>Troiam</strong></span> 
     </span>
     <span class='ocr_line' id='line_1_13' title="bbox 312 1076 1498 1138; baseline 0 -15"><span class='ocrx_word' id='word_1_73' title='bbox 312 1093 409 1123; x_wconf 88' lang='lat' dir='ltr'><strong>esse</strong></span> <span class='ocrx_word' id='word_1_74' title='bbox 435 1076 584 1123; x_wconf 91' lang='lat' dir='ltr'><strong>iubet.</strong></span> <span class='ocrx_word' id='word_1_75' title='bbox 654 1077 828 1137; x_wconf 89' lang='lat' dir='ltr'><strong>gaudet</strong></span> <span class='ocrx_word' id='word_1_76' title='bbox 853 1095 998 1138; x_wconf 88' lang='lat' dir='ltr'><strong>regno</strong></span> <span class='ocrx_word' id='word_1_77' title='bbox 1025 1079 1264 1125; x_wconf 89' lang='lat' dir='ltr'><strong>Troianus</strong></span> <span class='ocrx_word' id='word_1_78' title='bbox 1289 1079 1498 1135; x_wconf 88' lang='lat' dir='ltr'><strong>Acestes,</strong></span> 
     </span>
     <span class='ocr_line' id='line_1_14' title="bbox 311 1143 1539 1219; baseline 0 -29"><span class='ocrx_word' id='word_1_79' title='bbox 311 1143 580 1206; x_wconf 88' lang='lat' dir='ltr'><strong>indicitque</strong></span> <span class='ocrx_word' id='word_1_80' title='bbox 607 1143 781 1218; x_wconf 82' lang='lat' dir='ltr'><strong>forum,</strong></span> <span class='ocrx_word' id='word_1_81' title='bbox 809 1157 856 1190; x_wconf 90' lang='lat' dir='ltr'><strong>et</strong></span> <span class='ocrx_word' id='word_1_82' title='bbox 880 1144 1090 1219; x_wconf 85' lang='lat' dir='ltr'><strong>patribus</strong></span> <span class='ocrx_word' id='word_1_83' title='bbox 1116 1144 1232 1191; x_wconf 88' lang='lat' dir='ltr'><strong>dat</strong></span> <span class='ocrx_word' id='word_1_84' title='bbox 1221 1162 1321 1190; x_wconf 79' lang='lat' dir='ltr'><strong>lura</strong></span> <span class='ocrx_word' id='word_1_85' title='bbox 1345 1144 1539 1191; x_wconf 91' lang='lat' dir='ltr'><strong>vocatis.</strong></span> 
     </span>
    </p>

    <p class='ocr_par' dir='ltr' id='par_1_10' title="bbox 313 1210 1426 1272">
     <span class='ocr_line' id='line_1_15' title="bbox 313 1210 1426 1272; baseline 0 -16"><span class='ocrx_word' id='word_1_86' title='bbox 313 1223 415 1257; x_wconf 90' lang='lat' dir='ltr'><strong>tum</strong></span> <span class='ocrx_word' id='word_1_87' title='bbox 440 1210 599 1257; x_wconf 90' lang='lat' dir='ltr'><strong>vicina</strong></span> <span class='ocrx_word' id='word_1_88' title='bbox 626 1210 756 1256; x_wconf 87' lang='lat' dir='ltr'><strong>astris</strong></span> <span class='ocrx_word' id='word_1_89' title='bbox 783 1211 1027 1272; x_wconf 90' lang='lat' dir='ltr'><strong>Erycino</strong></span> <span class='ocrx_word' id='word_1_90' title='bbox 1016 1229 1065 1257; x_wconf 92' lang='lat' dir='ltr'><strong>1n</strong></span> <span class='ocrx_word' id='word_1_91' title='bbox 1090 1211 1269 1258; x_wconf 88' lang='lat' dir='ltr'><strong>vertice</strong></span> <span class='ocrx_word' id='word_1_92' title='bbox 1295 1211 1426 1257; x_wconf 88' lang='lat' dir='ltr'><strong>sedes</strong></span> 
     </span>
    </p>

    <p class='ocr_par' dir='ltr' id='par_1_11' title="bbox 311 1277 1744 1390">
     <span class='ocr_line' id='line_1_16' title="bbox 311 1277 1744 1340; baseline 0 -17"><span class='ocrx_word' id='word_1_93' title='bbox 311 1277 541 1323; x_wconf 89' lang='lat' dir='ltr'><strong>fundatur</strong></span> <span class='ocrx_word' id='word_1_94' title='bbox 566 1277 746 1323; x_wconf 87' lang='lat' dir='ltr'><strong>Veneri</strong></span> <span class='ocrx_word' id='word_1_95' title='bbox 774 1277 968 1335; x_wconf 90' lang='lat' dir='ltr'><strong>Idaliae,</strong></span> <span class='ocrx_word' id='word_1_96' title='bbox 996 1278 1279 1340; x_wconf 87' lang='lat' dir='ltr'><strong>tumuloque</strong></span> <span class='ocrx_word' id='word_1_97' title='bbox 1306 1277 1520 1324; x_wconf 90' lang='lat' dir='ltr'><strong>sacerdos</strong></span> <span class='ocrx_word' id='word_1_98' title='bbox 1683 1292 1744 1332; x_wconf 87' lang='lat'><strong>760</strong></span> 
     </span>
     <span class='ocr_line' id='line_1_17' title="bbox 312 1343 1300 1390; baseline 0.001 -1"><span class='ocrx_word' id='word_1_99' title='bbox 312 1361 364 1390; x_wconf 91' lang='lat' dir='ltr'><strong>ac</strong></span> <span class='ocrx_word' id='word_1_100' title='bbox 393 1344 527 1389; x_wconf 91' lang='lat' dir='ltr'><strong>lucus</strong></span> <span class='ocrx_word' id='word_1_101' title='bbox 554 1344 649 1390; x_wconf 92' lang='lat' dir='ltr'><strong>late</strong></span> <span class='ocrx_word' id='word_1_102' title='bbox 676 1360 805 1390; x_wconf 90' lang='lat' dir='ltr'><strong>sacer</strong></span> <span class='ocrx_word' id='word_1_103' title='bbox 831 1343 1021 1390; x_wconf 89' lang='lat' dir='ltr'><strong>additur</strong></span> <span class='ocrx_word' id='word_1_104' title='bbox 1044 1344 1300 1390; x_wconf 84' lang='lat' dir='ltr'><strong>Anchiseo.</strong></span> 
     </span>
    </p>

    <p class='ocr_par' dir='ltr' id='par_1_12' title="bbox 312 1409 1562 1473">
     <span class='ocr_line' id='line_1_18' title="bbox 312 1409 1562 1473; baseline -0.001 -17"><span class='ocrx_word' id='word_1_105' title='bbox 312 1410 501 1473; x_wconf 87' lang='lat' dir='ltr'><strong>iamque</strong></span> <span class='ocrx_word' id='word_1_106' title='bbox 528 1410 626 1456; x_wconf 89' lang='lat' dir='ltr'><strong>dies</strong></span> <span class='ocrx_word' id='word_1_107' title='bbox 653 1411 841 1472; x_wconf 91' lang='lat' dir='ltr'><strong>epulata</strong></span> <span class='ocrx_word' id='word_1_108' title='bbox 869 1427 1042 1456; x_wconf 92' lang='lat' dir='ltr'><strong>novem</strong></span> <span class='ocrx_word' id='word_1_109' title='bbox 1067 1427 1178 1471; x_wconf 90' lang='lat' dir='ltr'><strong>gens</strong></span> <span class='ocrx_word' id='word_1_110' title='bbox 1204 1410 1373 1467; x_wconf 79' lang='lat' dir='ltr'><strong>omniS‚</strong></span> <span class='ocrx_word' id='word_1_111' title='bbox 1402 1423 1449 1456; x_wconf 89' lang='lat' dir='ltr'><strong>et</strong></span> <span class='ocrx_word' id='word_1_112' title='bbox 1473 1409 1562 1456; x_wconf 89' lang='lat' dir='ltr'><strong>aris</strong></span> 
     </span>
    </p>

    <p class='ocr_par' dir='ltr' id='par_1_13' title="bbox 312 1475 1624 1673">
     <span class='ocr_line' id='line_1_19' title="bbox 312 1475 1578 1539; baseline -0.001 -17"><span class='ocrx_word' id='word_1_113' title='bbox 312 1477 464 1523; x_wconf 90' lang='lat' dir='ltr'><strong>factus</strong></span> <span class='ocrx_word' id='word_1_114' title='bbox 491 1479 673 1533; x_wconf 91' lang='lat' dir='ltr'><strong>honos;</strong></span> <span class='ocrx_word' id='word_1_115' title='bbox 709 1476 886 1539; x_wconf 92' lang='lat' dir='ltr'><strong>placidi</strong></span> <span class='ocrx_word' id='word_1_116' title='bbox 914 1490 1180 1523; x_wconf 87' lang='lat' dir='ltr'><strong>straverunt</strong></span> <span class='ocrx_word' id='word_1_117' title='bbox 1205 1493 1407 1539; x_wconf 91' lang='lat' dir='ltr'><strong>aequora</strong></span> <span class='ocrx_word' id='word_1_118' title='bbox 1431 1475 1578 1533; x_wconf 88' lang='lat' dir='ltr'><strong>venti,</strong></span> 
     </span>
     <span class='ocr_line' id='line_1_20' title="bbox 313 1542 1624 1605; baseline 0 -15"><span class='ocrx_word' id='word_1_119' title='bbox 313 1543 478 1590; x_wconf 91' lang='lat' dir='ltr'><strong>creber</strong></span> <span class='ocrx_word' id='word_1_120' title='bbox 503 1557 548 1590; x_wconf 89' lang='lat' dir='ltr'><strong>et</strong></span> <span class='ocrx_word' id='word_1_121' title='bbox 575 1543 815 1605; x_wconf 89' lang='lat' dir='ltr'><strong>adspirans</strong></span> <span class='ocrx_word' id='word_1_122' title='bbox 842 1561 998 1590; x_wconf 89' lang='lat' dir='ltr'><strong>rursus</strong></span> <span class='ocrx_word' id='word_1_123' title='bbox 1025 1556 1160 1591; x_wconf 90' lang='lat' dir='ltr'><strong>vocat</strong></span> <span class='ocrx_word' id='word_1_124' title='bbox 1184 1542 1394 1590; x_wconf 87' lang='lat' dir='ltr'><strong>Auster</strong></span> <span class='ocrx_word' id='word_1_125' title='bbox 1383 1560 1432 1589; x_wconf 91' lang='lat' dir='ltr'><strong>1n</strong></span> <span class='ocrx_word' id='word_1_126' title='bbox 1459 1543 1624 1590; x_wconf 84' lang='lat' dir='ltr'><strong>altum.</strong></span> 
     </span>
     <span class='ocr_line' id='line_1_21' title="bbox 313 1609 1440 1673; baseline 0.001 -18"><span class='ocrx_word' id='word_1_127' title='bbox 313 1610 525 1656; x_wconf 84' lang='lat' dir='ltr'><strong>exoritur</strong></span> <span class='ocrx_word' id='word_1_128' title='bbox 550 1627 781 1672; x_wconf 91' lang='lat' dir='ltr'><strong>procurva</strong></span> <span class='ocrx_word' id='word_1_129' title='bbox 807 1610 974 1671; x_wconf 89' lang='lat' dir='ltr'><strong>ingens</strong></span> <span class='ocrx_word' id='word_1_130' title='bbox 999 1627 1083 1673; x_wconf 90' lang='lat' dir='ltr'><strong>per</strong></span> <span class='ocrx_word' id='word_1_131' title='bbox 1108 1610 1246 1656; x_wconf 90' lang='lat' dir='ltr'><strong>litora</strong></span> <span class='ocrx_word' id='word_1_132' title='bbox 1272 1609 1439 1657; x_wconf 87' lang='lat' dir='ltr'><strong>fletus·</strong></span> <span class='ocrx_word' id='word_1_133' title='bbox 1427 1630 1440 1666; x_wconf 93' lang='lat'>;</span> 
     </span>
    </p>

    <p class='ocr_par' dir='ltr' id='par_1_14' title="bbox 312 1676 1625 1806">
     <span class='ocr_line' id='line_1_22' title="bbox 313 1676 1625 1751; baseline -0.002 -28"><span class='ocrx_word' id='word_1_134' title='bbox 313 1677 552 1738; x_wconf 84' lang='lat' dir='ltr'><strong>complexi</strong></span> <span class='ocrx_word' id='word_1_135' title='bbox 579 1677 703 1723; x_wconf 92' lang='lat' dir='ltr'><strong>inter</strong></span> <span class='ocrx_word' id='word_1_136' title='bbox 728 1693 774 1722; x_wconf 95' lang='lat' dir='ltr'><strong>se</strong></span> <span class='ocrx_word' id='word_1_137' title='bbox 801 1690 1088 1751; x_wconf 79' lang='lat' dir='ltr'><strong>noctemque</strong></span> <span class='ocrx_word' id='word_1_138' title='bbox 1114 1676 1338 1739; x_wconf 90' lang='lat' dir='ltr'><strong>diemque</strong></span> <span class='ocrx_word' id='word_1_139' title='bbox 1364 1688 1625 1722; x_wconf 88' lang='lat' dir='ltr'><strong>morantur.</strong></span> 
     </span>
     <span class='ocr_line' id='line_1_23' title="bbox 312 1742 1553 1818; baseline 0 -30"><span class='ocrx_word' id='word_1_140' title='bbox 312 1743 438 1818; x_wconf 86' lang='lat' dir='ltr'><strong>ipsae</strong></span> <span class='ocrx_word' id='word_1_141' title='bbox 466 1743 560 1788; x_wconf 91' lang='lat' dir='ltr'><strong>iam</strong></span> <span class='ocrx_word' id='word_1_142' title='bbox 585 1758 771 1800; x_wconf 87' lang='lat' dir='ltr'><strong>matres,</strong></span> <span class='ocrx_word' id='word_1_143' title='bbox 799 1743 903 1804; x_wconf 88' lang='lat' dir='ltr'><strong>ipsi,</strong></span> <span class='ocrx_word' id='word_1_144' title='bbox 930 1743 1101 1806; x_wconf 90' lang='lat' dir='ltr'><strong>quibus</strong></span> <span class='ocrx_word' id='word_1_145' title='bbox 1128 1760 1286 1804; x_wconf 90' lang='lat' dir='ltr'><strong>aspera</strong></span> <span class='ocrx_word' id='word_1_146' title='bbox 1312 1742 1553 1805; x_wconf 90' lang='lat' dir='ltr'><strong>quondam</strong></span> 
     </span>
    </p>

    <p class='ocr_par' dir='ltr' id='par_1_15' title="bbox 312 1809 1437 1864">
     <span class='ocr_line' id='line_1_24' title="bbox 312 1809 1437 1864; baseline -0.001 -9"><span class='ocrx_word' id='word_1_147' title='bbox 312 1809 408 1856; x_wconf 88' lang='lat' dir='ltr'><strong>visa</strong></span> <span class='ocrx_word' id='word_1_148' title='bbox 435 1809 573 1855; x_wconf 90' lang='lat' dir='ltr'><strong>maris</strong></span> <span class='ocrx_word' id='word_1_149' title='bbox 600 1809 744 1856; x_wconf 88' lang='lat' dir='ltr'><strong>facies</strong></span> <span class='ocrx_word' id='word_1_150' title='bbox 771 1823 818 1855; x_wconf 93' lang='lat' dir='ltr'><strong>et</strong></span> <span class='ocrx_word' id='word_1_151' title='bbox 843 1826 941 1855; x_wconf 90' lang='lat' dir='ltr'><strong>non</strong></span> <span class='ocrx_word' id='word_1_152' title='bbox 968 1809 1216 1856; x_wconf 90' lang='lat' dir='ltr'><strong>tolerabile</strong></span> <span class='ocrx_word' id='word_1_153' title='bbox 1243 1826 1437 1864; x_wconf 91' lang='lat' dir='ltr'><strong>numen,</strong></span> 
     </span>
    </p>

    <p class='ocr_par' dir='ltr' id='par_1_16' title="bbox 313 1876 1556 1938">
     <span class='ocr_line' id='line_1_25' title="bbox 313 1876 1556 1938; baseline -0.001 -16"><span class='ocrx_word' id='word_1_154' title='bbox 313 1876 380 1923; x_wconf 91' lang='lat' dir='ltr'><strong>ire</strong></span> <span class='ocrx_word' id='word_1_155' title='bbox 405 1877 590 1934; x_wconf 89' lang='lat' dir='ltr'><strong>volunt,</strong></span> <span class='ocrx_word' id='word_1_156' title='bbox 617 1893 905 1938; x_wconf 88' lang='lat' dir='ltr'><strong>omnemque</strong></span> <span class='ocrx_word' id='word_1_157' title='bbox 931 1876 1069 1937; x_wconf 88' lang='lat' dir='ltr'><strong>fugae</strong></span> <span class='ocrx_word' id='word_1_158' title='bbox 1095 1877 1302 1938; x_wconf 89' lang='lat' dir='ltr'><strong>perferre</strong></span> <span class='ocrx_word' id='word_1_159' title='bbox 1329 1876 1556 1922; x_wconf 88' lang='lat' dir='ltr'><strong>laborem.</strong></span> 
     </span>
    </p>

    <p class='ocr_par' dir='ltr' id='par_1_17' title="bbox 313 1942 1745 2070">
     <span class='ocr_line' id='line_1_26' title="bbox 313 1942 1745 2006; baseline -0.002 -17"><span class='ocrx_word' id='word_1_160' title='bbox 313 1960 427 2006; x_wconf 88' lang='lat' dir='ltr'><strong>quos</strong></span> <span class='ocrx_word' id='word_1_161' title='bbox 453 1943 605 1989; x_wconf 91' lang='lat' dir='ltr'><strong>bonus</strong></span> <span class='ocrx_word' id='word_1_162' title='bbox 630 1944 814 1989; x_wconf 85' lang='lat' dir='ltr'><strong>Aeneas</strong></span> <span class='ocrx_word' id='word_1_163' title='bbox 842 1942 980 1989; x_wconf 91' lang='lat' dir='ltr'><strong>dictis</strong></span> <span class='ocrx_word' id='word_1_164' title='bbox 1006 1944 1183 1989; x_wconf 88' lang='lat' dir='ltr'><strong>solatur</strong></span> <span class='ocrx_word' id='word_1_165' title='bbox 1209 1942 1387 2000; x_wconf 90' lang='lat' dir='ltr'><strong>amicis,</strong></span> <span class='ocrx_word' id='word_1_166' title='bbox 1684 1965 1745 1996; x_wconf 90' lang='lat'><strong>770</strong></span> 
     </span>
     <span class='ocr_line' id='line_1_27' title="bbox 315 2009 1582 2070; baseline -0.001 -15"><span class='ocrx_word' id='word_1_167' title='bbox 315 2023 362 2056; x_wconf 89' lang='lat' dir='ltr'><strong>et</strong></span> <span class='ocrx_word' id='word_1_168' title='bbox 387 2009 737 2070; x_wconf 87' lang='lat' dir='ltr'><strong>consanguineo</strong></span> <span class='ocrx_word' id='word_1_169' title='bbox 763 2009 1013 2056; x_wconf 89' lang='lat' dir='ltr'><strong>lacrimans</strong></span> <span class='ocrx_word' id='word_1_170' title='bbox 1038 2009 1342 2056; x_wconf 91' lang='lat' dir='ltr'><strong>commendat</strong></span> <span class='ocrx_word' id='word_1_171' title='bbox 1366 2009 1582 2055; x_wconf 91' lang='lat' dir='ltr'><strong>Acestae.</strong></span> 
     </span>
    </p>

    <p class='ocr_par' dir='ltr' id='par_1_18' title="bbox 315 2076 1453 2138">
     <span class='ocr_line' id='line_1_28' title="bbox 315 2076 1453 2138; baseline -0.002 -15"><span class='ocrx_word' id='word_1_172' title='bbox 315 2089 406 2123; x_wconf 92' lang='lat' dir='ltr'><strong>tres</strong></span> <span class='ocrx_word' id='word_1_173' title='bbox 434 2076 574 2138; x_wconf 87' lang='lat' dir='ltr'><strong>Eryci</strong></span> <span class='ocrx_word' id='word_1_174' title='bbox 601 2076 773 2122; x_wconf 90' lang='lat' dir='ltr'><strong>vitulos</strong></span> <span class='ocrx_word' id='word_1_175' title='bbox 801 2089 847 2122; x_wconf 87' lang='lat' dir='ltr'><strong>et</strong></span> <span class='ocrx_word' id='word_1_176' title='bbox 873 2076 1262 2138; x_wconf 89' lang='lat' dir='ltr'><strong>Tempestatibus</strong></span> <span class='ocrx_word' id='word_1_177' title='bbox 1288 2092 1453 2136; x_wconf 87' lang='lat' dir='ltr'><strong>agnam</strong></span> 
     </span>
    </p>

    <p class='ocr_par' dir='ltr' id='par_1_19' title="bbox 314 2142 1597 2205">
     <span class='ocr_line' id='line_1_29' title="bbox 314 2142 1597 2205; baseline -0.001 -16"><span class='ocrx_word' id='word_1_178' title='bbox 314 2143 506 2190; x_wconf 91' lang='lat' dir='ltr'><strong>caedere</strong></span> <span class='ocrx_word' id='word_1_179' title='bbox 532 2143 703 2189; x_wconf 92' lang='lat' dir='ltr'><strong>deinde</strong></span> <span class='ocrx_word' id='word_1_180' title='bbox 729 2143 877 2200; x_wconf 91' lang='lat' dir='ltr'><strong>iubet,</strong></span> <span class='ocrx_word' id='word_1_181' title='bbox 904 2143 1115 2205; x_wconf 92' lang='lat' dir='ltr'><strong>solvique</strong></span> <span class='ocrx_word' id='word_1_182' title='bbox 1141 2159 1197 2189; x_wconf 89' lang='lat' dir='ltr'><strong>ex</strong></span> <span class='ocrx_word' id='word_1_183' title='bbox 1223 2142 1387 2189; x_wconf 91' lang='lat' dir='ltr'><strong>ordine</strong></span> <span class='ocrx_word' id='word_1_184' title='bbox 1414 2142 1597 2188; x_wconf 90' lang='lat' dir='ltr'><strong>funem.</strong></span> 
     </span>
    </p>

    <p class='ocr_par' dir='ltr' id='par_1_20' title="bbox 314 2209 1360 2271">
     <span class='ocr_line' id='line_1_30' title="bbox 314 2209 1360 2271; baseline -0.001 -15"><span class='ocrx_word' id='word_1_185' title='bbox 314 2210 425 2271; x_wconf 88' lang='lat' dir='ltr'><strong>ipse,</strong></span> <span class='ocrx_word' id='word_1_186' title='bbox 455 2223 594 2271; x_wconf 91' lang='lat' dir='ltr'><strong>caput</strong></span> <span class='ocrx_word' id='word_1_187' title='bbox 621 2224 779 2256; x_wconf 90' lang='lat' dir='ltr'><strong>tonsae</strong></span> <span class='ocrx_word' id='word_1_188' title='bbox 804 2209 928 2256; x_wconf 90' lang='lat' dir='ltr'><strong>foliis</strong></span> <span class='ocrx_word' id='word_1_189' title='bbox 954 2209 1168 2257; x_wconf 89' lang='lat' dir='ltr'><strong>evinctus</strong></span> <span class='ocrx_word' id='word_1_190' title='bbox 1194 2209 1360 2266; x_wconf 89' lang='lat' dir='ltr'><strong>olivae,</strong></span> 
     </span>
    </p>

    <p class='ocr_par' dir='ltr' id='par_1_21' title="bbox 314 2274 1661 2472">
     <span class='ocr_line' id='line_1_31' title="bbox 314 2274 1661 2338; baseline -0.001 -16"><span class='ocrx_word' id='word_1_191' title='bbox 314 2289 440 2322; x_wconf 86' lang='lat' dir='ltr'><strong>stans</strong></span> <span class='ocrx_word' id='word_1_192' title='bbox 465 2277 666 2338; x_wconf 79' lang='lat' dir='ltr'><strong>procul‘</strong></span> <span class='ocrx_word' id='word_1_193' title='bbox 656 2294 704 2322; x_wconf 90' lang='lat' dir='ltr'><strong>1n</strong></span> <span class='ocrx_word' id='word_1_194' title='bbox 730 2294 867 2338; x_wconf 91' lang='lat' dir='ltr'><strong>prora</strong></span> <span class='ocrx_word' id='word_1_195' title='bbox 891 2290 1099 2338; x_wconf 90' lang='lat' dir='ltr'><strong>pateram</strong></span> <span class='ocrx_word' id='word_1_196' title='bbox 1126 2290 1272 2332; x_wconf 91' lang='lat' dir='ltr'><strong>tenet,</strong></span> <span class='ocrx_word' id='word_1_197' title='bbox 1298 2288 1499 2337; x_wconf 84' lang='lat' dir='ltr'><strong>extaque</strong></span> <span class='ocrx_word' id='word_1_198' title='bbox 1525 2274 1661 2320; x_wconf 90' lang='lat' dir='ltr'><strong>salsos</strong></span> 
     </span>
     <span class='ocr_line' id='line_1_32' title="bbox 316 2341 1440 2405; baseline -0.001 -18"><span class='ocrx_word' id='word_1_199' title='bbox 316 2342 483 2405; x_wconf 89' lang='lat' dir='ltr'><strong>proicit</strong></span> <span class='ocrx_word' id='word_1_200' title='bbox 509 2343 558 2388; x_wconf 92' lang='lat' dir='ltr'><strong>in</strong></span> <span class='ocrx_word' id='word_1_201' title='bbox 585 2343 773 2399; x_wconf 86' lang='lat' dir='ltr'><strong>fluctus,</strong></span> <span class='ocrx_word' id='word_1_202' title='bbox 799 2360 850 2389; x_wconf 92' lang='lat' dir='ltr'><strong>ac</strong></span> <span class='ocrx_word' id='word_1_203' title='bbox 878 2343 987 2388; x_wconf 91' lang='lat' dir='ltr'><strong>vina</strong></span> <span class='ocrx_word' id='word_1_204' title='bbox 1014 2342 1244 2405; x_wconf 86' lang='lat' dir='ltr'><strong>liquentia</strong></span> <span class='ocrx_word' id='word_1_205' title='bbox 1268 2341 1440 2387; x_wconf 90' lang='lat' dir='ltr'><strong>fundit.</strong></span> 
     </span>
     <span class='ocr_line' id='line_1_33' title="bbox 314 2409 1446 2484; baseline -0.003 -29"><span class='ocrx_word' id='word_1_206' title='bbox 314 2409 612 2484; x_wconf 90' lang='lat' dir='ltr'><strong>prosequitur</strong></span> <span class='ocrx_word' id='word_1_207' title='bbox 637 2426 826 2469; x_wconf 87' lang='lat' dir='ltr'><strong>surgens</strong></span> <span class='ocrx_word' id='word_1_208' title='bbox 851 2427 875 2454; x_wconf 91' lang='lat' dir='ltr'><strong>a</strong></span> <span class='ocrx_word' id='word_1_209' title='bbox 901 2409 1048 2470; x_wconf 91' lang='lat' dir='ltr'><strong>puppi</strong></span> <span class='ocrx_word' id='word_1_210' title='bbox 1073 2421 1240 2454; x_wconf 90' lang='lat' dir='ltr'><strong>ventus</strong></span> <span class='ocrx_word' id='word_1_211' title='bbox 1267 2420 1446 2453; x_wconf 89' lang='lat' dir='ltr'><strong>euntes.</strong></span> 
     </span>
    </p>

    <p class='ocr_par' dir='ltr' id='par_1_22' title="bbox 316 2475 1572 2536">
     <span class='ocr_line' id='line_1_34' title="bbox 316 2475 1572 2536; baseline -0.002 -14"><span class='ocrx_word' id='word_1_212' title='bbox 316 2476 532 2522; x_wconf 92' lang='lat' dir='ltr'><strong>certatim</strong></span> <span class='ocrx_word' id='word_1_213' title='bbox 559 2475 671 2521; x_wconf 88' lang='lat' dir='ltr'><strong>socii</strong></span> <span class='ocrx_word' id='word_1_214' title='bbox 698 2475 874 2520; x_wconf 88' lang='lat' dir='ltr'><strong>feriunt</strong></span> <span class='ocrx_word' id='word_1_215' title='bbox 900 2492 1038 2529; x_wconf 89' lang='lat' dir='ltr'><strong>mare,</strong></span> <span class='ocrx_word' id='word_1_216' title='bbox 1067 2487 1113 2520; x_wconf 91' lang='lat' dir='ltr'><strong>et</strong></span> <span class='ocrx_word' id='word_1_217' title='bbox 1138 2491 1339 2536; x_wconf 92' lang='lat' dir='ltr'><strong>aequora</strong></span> <span class='ocrx_word' id='word_1_218' title='bbox 1364 2485 1572 2520; x_wconf 91' lang='lat' dir='ltr'><strong>verrunt.</strong></span> 
     </span>
    </p>

    <p class='ocr_par' dir='ltr' id='par_1_23' title="bbox 383 2539 1519 2602">
     <span class='ocr_line' id='line_1_35' title="bbox 383 2539 1519 2602; baseline -0.003 -14"><span class='ocrx_word' id='word_1_219' title='bbox 383 2555 427 2588; x_wconf 93' lang='lat' dir='ltr'><strong>at</strong></span> <span class='ocrx_word' id='word_1_220' title='bbox 453 2542 618 2588; x_wconf 90' lang='lat' dir='ltr'><strong>Venus</strong></span> <span class='ocrx_word' id='word_1_221' title='bbox 643 2541 824 2587; x_wconf 87' lang='lat' dir='ltr'><strong>interea</strong></span> <span class='ocrx_word' id='word_1_222' title='bbox 851 2541 1136 2602; x_wconf 89' lang='lat' dir='ltr'><strong>Neptunum</strong></span> <span class='ocrx_word' id='word_1_223' title='bbox 1163 2540 1370 2586; x_wconf 88' lang='lat' dir='ltr'><strong>exercita</strong></span> <span class='ocrx_word' id='word_1_224' title='bbox 1397 2539 1519 2585; x_wconf 93' lang='lat' dir='ltr'><strong>curis</strong></span> 
     </span>
    </p>

    <p class='ocr_par' dir='ltr' id='par_1_24' title="bbox 285 2607 1745 2736">
     <span class='ocr_line' id='line_1_36' title="bbox 316 2607 1745 2671; baseline -0.002 -16"><span class='ocrx_word' id='word_1_225' title='bbox 316 2608 601 2671; x_wconf 87' lang='lat' dir='ltr'><strong>adloquitur,</strong></span> <span class='ocrx_word' id='word_1_226' title='bbox 629 2608 840 2670; x_wconf 89' lang='lat' dir='ltr'><strong>talesque</strong></span> <span class='ocrx_word' id='word_1_227' title='bbox 865 2607 1069 2654; x_wconf 87' lang='lat' dir='ltr'><strong>effundit</strong></span> <span class='ocrx_word' id='word_1_228' title='bbox 1093 2619 1284 2669; x_wconf 92' lang='lat' dir='ltr'><strong>pectore</strong></span> <span class='ocrx_word' id='word_1_229' title='bbox 1310 2619 1528 2669; x_wconf 90' lang='lat' dir='ltr'><strong>questus:</strong></span> <span class='ocrx_word' id='word_1_230' title='bbox 1683 2619 1745 2660; x_wconf 89' lang='lat'><strong>780</strong></span> 
     </span>
     <span class='ocr_line' id='line_1_37' title="bbox 285 2673 1414 2736; baseline -0.001 -16"><span class='ocrx_word' id='word_1_231' title='bbox 285 2680 298 2701; x_wconf 91' lang='lat'><strong>‘</strong></span> <span class='ocrx_word' id='word_1_232' title='bbox 317 2675 514 2722; x_wconf 89' lang='lat' dir='ltr'><strong>Iunonis</strong></span> <span class='ocrx_word' id='word_1_233' title='bbox 539 2674 684 2736; x_wconf 91' lang='lat' dir='ltr'><strong>gravis</strong></span> <span class='ocrx_word' id='word_1_234' title='bbox 710 2674 777 2720; x_wconf 88' lang='lat' dir='ltr'><strong>ira</strong></span> <span class='ocrx_word' id='word_1_235' title='bbox 802 2691 889 2721; x_wconf 92' lang='lat' dir='ltr'><strong>nec</strong></span> <span class='ocrx_word' id='word_1_236' title='bbox 917 2673 1225 2720; x_wconf 87' lang='lat' dir='ltr'><strong>exsaturabile</strong></span> <span class='ocrx_word' id='word_1_237' title='bbox 1249 2686 1414 2736; x_wconf 89' lang='lat' dir='ltr'><strong>pectus</strong></span> 
     </span>
    </p>
   </div>
   <div class='ocr_carea' id='block_1_3' title="bbox 864 2750 1126 2799">
    <p class='ocr_par' dir='ltr' id='par_1_25' title="bbox 864 2750 1126 2799">
     <span class='ocr_line' id='line_1_38' title="bbox 864 2750 1126 2799; baseline -0.004 -10"><span class='ocrx_word' id='word_1_238' title='bbox 864 2750 938 2799; x_wconf 84' lang='lat'><strong>768</strong></span> <span class='ocrx_word' id='word_1_239' title='bbox 970 2764 1126 2789; x_wconf 89' lang='lat' dir='ltr'><strong>nornen.</strong></span> 
     </span>
    </p>
   </div>
  </div>
 </body>
</html>
