1866 3208
283 245 358 295 278
733 246 776 283 P.
806 245 1051 285 VERGILr
1073 246 1334 285 MARONIS

347 366 416 400 sat
442 353 546 400 fatis
573 353 849 416 Venerique
875 353 1054 412 datum,
1080 355 1276 416 tetigere
1303 355 1429 418 quod
1454 373 1561 401 arva

349 420 517 466 fertilis
541 420 781 465 Ausoniae
808 420 973 468 Troes.
1044 435 1151 469 sunt
1177 436 1223 469 et
1249 439 1353 468 mea
1379 435 1543 469 contra

348 487 443 532 fata
470 486 605 543 mihi,
631 486 756 532 ferro
782 487 1056 534 sceleratam
1083 489 1359 535 exscindere
1385 502 1593 549 gentem,

347 552 552 612 coniuge
576 566 852 615 praerepta3
890 571 978 600 nec
1005 555 1124 601 solos
1149 556 1298 616 tangit
1322 555 1512 602 Atridas

346 619 431 664 iste
457 618 606 675 dolor,
632 619 835 682 solisque
861 620 974 667 licet
994 638 1163 684 capere
1190 639 1314 668 arma
1343 622 1583 683 Mycenis.

347 684 424 730 sed
448 684 641 747 periisse
668 686 813 732 semel
840 687 948 733 satis
975 701 1070 735 est:
1107 705 1308 751 peccare
1334 688 1500 735 fuisset
1715 714 1775 742 140

347 763 455 797 ante
482 751 604 809 satis,
631 752 822 814 penitus
846 754 987 800 modo
1012 771 1108 800 non
1135 771 1282 815 genus
1308 771 1449 800 omne
1475 771 1661 817 perosos

346 817 644 865 femineum:
683 819 853 881 quibus
879 821 997 867 haec
1024 822 1167 868 medii
1195 821 1366 867 fiducia
1389 821 1503 868 valli

347 884 667 959 fossarumque
693 902 868 944 morae,
897 887 980 933 leti
1007 887 1281 934 discrimina
1305 905 1461 950 parva,

346 950 462 996 dant
488 950 684 998 animos.
756 966 801 998 at
827 970 924 999 non
951 954 1172 1001 viderunt
1197 954 1387 1001 moenia
1414 954 1590 1000 Troiae

346 1016 566 1078 Neptuni
596 1018 821 1065 fabricata
848 1036 991 1066 manu
1019 1021 1301 1067 considere
1291 1039 1339 1066 1n
1367 1021 1529 1082 ignes?

347 1084 426 1129 sed
452 1101 546 1141 vos,
573 1101 600 1130 o
625 1085 754 1142 lecti,
783 1086 906 1132 ferro
932 1086 1034 1148 quis
1061 1088 1276 1134 scindere
1301 1088 1479 1134 vallum

347 1164 538 1213 apparat
564 1162 611 1197 et
635 1169 824 1198 mecum
851 1152 1035 1200 invadit
1061 1153 1348 1216 trepidantia
1374 1158 1559 1201 castra?

348 1234 444 1263 non
472 1221 608 1264 armis
635 1218 751 1264 mihi
780 1219 1009 1277 Vulcani,
1035 1237 1132 1266 non
1160 1221 1295 1267 mille
1321 1221 1489 1267 carinis

349 1298 417 1330 est
441 1301 555 1346 opus
583 1285 632 1330 in
662 1285 897 1332 Teucros.
943 1286 1120 1333 addant
1147 1304 1193 1333 se
1219 1287 1434 1349 protinus
1460 1303 1626 1333 omnes

348 1351 533 1397 Etrusci
562 1350 726 1398 socios.
780 1353 999 1399 tenebras
1029 1366 1074 1400 et
1099 1354 1271 1400 inertia
1297 1354 1422 1400 furta
1717 1378 1776 1408 150

349 1418 565 1474 Palladii,
589 1419 733 1464 caesis
765 1437 977 1466 summae
1008 1420 1280 1466 custodibus
1308 1420 1438 1477 arcis,

347 1501 407 1530 ne
434 1484 648 1542 timeant,
676 1503 766 1532 nec
794 1486 903 1549 equi
931 1504 1071 1533 caeca
1100 1487 1362 1533 condemur
1386 1487 1436 1533 in
1465 1487 1569 1533 alvo
1592 1507 1606 1541 ;

346 1551 453 1598 luce
477 1552 633 1614 palam
661 1566 844 1599 certum
874 1566 942 1600 est
968 1553 1065 1614 igni
1093 1553 1388 1600 circumdare
1413 1571 1583 1600 muros.

346 1618 472 1664 haud
498 1618 583 1665 sibi
611 1636 720 1666 cum
747 1619 926 1666 Danais
953 1637 1052 1666 rem
1079 1621 1189 1666 faxo
1216 1633 1262 1666 et
1286 1621 1412 1682 pube
1441 1620 1633 1680 Pelasga

348 1701 444 1731 esse
471 1685 640 1742 ferant,
671 1686 930 1732 decumum
952 1704 1066 1761 quos
1091 1686 1276 1734 distulit
1296 1686 1513 1733 Hector
1501 1704 1551 1733 in
1579 1703 1777 1735 annum.

348 1768 475 1798 nunc
504 1752 634 1809 ade0,
662 1753 831 1799 melior
858 1753 1084 1815 quoniam
1110 1771 1213 1815 pars
1240 1766 1344 1800 acta
1368 1752 1480 1811 diei,

347 1818 474 1881 quod
500 1832 726 1881 superest,
755 1819 867 1865 laeti
895 1820 1018 1866 bene
1043 1819 1182 1880 gestis
1209 1837 1402 1881 corpora
1428 1819 1566 1866 rebus

346 1899 611 1947 procurate,
638 1885 742 1943 viri,
771 1899 818 1932 et
842 1903 1050 1948 pugnam
1077 1899 1260 1948 sperate
1284 1886 1468 1949 parari.’

347 1952 529 1998 interea
554 1952 754 2012 vigilum
782 1952 992 1999 excubiis
1018 1953 1232 1999 obsidere
1257 1967 1410 2015 portas

349 2035 459 2065 cura
484 2018 623 2065 datur
651 2019 874 2081 Messapo
902 2032 948 2066 et
973 2019 1161 2066 moenia
1187 2019 1376 2080 cingere
1402 2018 1603 2065 flammis
1626 2039 1641 2076 ;
1717 2034 1779 2066 160

348 2085 418 2131 bis
443 2099 623 2148 septem
651 2087 837 2143 Rutuli,
865 2103 1022 2132 muros
1046 2086 1127 2149 qui
1155 2085 1306 2132 milite
1332 2099 1539 2143 servent,

348 2152 560 2198 delecti·
548 2173 561 2209 3
599 2167 668 2199 ast
694 2153 801 2199 illos
828 2153 1024 2199 centeni
1051 2169 1289 2216 quemque
1315 2166 1591 2215 sequuntur,

348 2219 573 2281 purpurei
601 2219 750 2266 cristis
778 2219 973 2266 iuvenes
999 2236 1207 2282 auroque
1234 2219 1432 2267 corusci.

349 2285 620 2332 discurrunt
645 2286 923 2349 variantque
948 2286 1074 2333 vices
1101 2285 1290 2348 fusique
1313 2303 1398 2348 per
1421 2285 1619 2332 herbam

349 2351 603 2413 indulgent
628 2353 756 2410 vino,
784 2366 830 2400 et
855 2365 1050 2399 vertunt
1075 2366 1277 2399 crateras
1303 2358 1457 2398 aeuos.

350 2418 592 2466 collucent
617 2418 749 2479 ignes
771 2439 785 2475 3
822 2431 1015 2466 noctem
1041 2417 1253 2464 custodia
1278 2417 1410 2464 ducit

350 2484 618 2532 insomnem
644 2486 775 2531 ludo.

416 2553 534 2599 haec
560 2569 700 2614 super
729 2569 752 2597 e
776 2551 904 2598 vallo
929 2564 1234 2614 prospectant
1261 2551 1428 2610 Troes,
1457 2565 1504 2599 et
1529 2550 1669 2598 armis

351 2618 444 2665 alta
471 2631 640 2666 tenent
663 2638 676 2675 3
713 2635 803 2665 nec
830 2636 927 2665 non
961 2618 1134 2680 trepidi
1162 2617 1417 2664 formidine
1442 2632 1596 2681 portas

353 2686 615 2748 explorant,
641 2698 907 2749 pontesque
935 2698 981 2732 et
1005 2685 1362 2748 propugnacula
1387 2685 1607 2746 iungunt,
1709 2709 1768 2740 170

397 2778 468 2817 135
502 2769 631 2804 datum
652 2774 720 2806 est.
837 2779 906 2817 143
940 2766 1154 2804 discrimine
1175 2780 1300 2817 parvo.
1417 2776 1487 2817 155
1519 2773 1663 2815 putent.
