1866 3208
563 225 838 264 AENEIDOS
868 224 971 261 LIB.
1001 223 1086 260 XII
1506 234 1578 273 375

214 339 399 384 Aeneas
423 335 566 380 instat
592 345 755 380 contra
781 331 1027 406 telumque
1054 344 1283 387 coruscat,

147 407 329 466 ingens,
356 402 621 457 arboreum,
650 413 696 446 et
723 416 855 445 saevo
880 398 944 444 sic
969 410 1165 460 pectore
1191 398 1349 444 fatur:

117 478 268 536 ‘quae
301 485 432 515 nunc
469 467 642 514 deinde
676 483 804 513 mora
841 479 937 512 est.
930 483 943 500 r
979 478 1060 511 aut
1098 464 1214 527 quid
1249 465 1360 521 iam,
1395 464 1581 522 Turne,

280 539 537 583 retractas?

146 621 243 652 non
270 620 428 660 cursu,
455 602 596 649 saevis
623 601 904 648 certandum
933 612 1001 646 est
1027 598 1295 646 cornminus
1321 599 1476 646 armis.
1525 614 1586 655 890

144 684 273 719 verte
300 686 464 716 omnes
489 682 585 716 tete
612 668 661 714 in
687 668 844 724 facies,
873 681 919 714 et
945 667 1192 725 contrahe,
1221 665 1456 729 quidquid

147 738 242 785 sive
269 737 438 784 animis
464 737 557 783 sive
583 748 682 782 arte
707 736 831 781 vales
858 755 870 790 ;
907 747 1018 796 opta
1045 733 1186 779 ardua
1211 733 1372 796 pinnis

146 819 266 852 astra
291 804 437 867 sequi,
465 804 774 865 clausumque
802 819 910 848 cava
938 815 983 847 te
1011 801 1217 847 condere
1245 801 1396 847 terra.'

146 873 230 919 ille
257 885 400 934 caput
425 887 677 934 quassans:
716 875 844 915 ‘non
871 885 947 914 me
975 882 1054 914 tua
1082 868 1260 914 fervida
1286 881 1468 914 terrent

147 940 289 998 dicta,
318 940 485 985 ferox:
523 937 571 983 di
597 953 673 983 me
701 949 880 982 terrent
908 949 954 982 et
981 935 1200 1010 Iuppiter
1224 935 1399 981 hostis.’

146 1023 236 1053 nec
262 1006 398 1068 plura
427 1005 590 1051 effatus
617 1020 780 1050 saxum
809 1002 1138 1064 circumspicit
1162 1002 1345 1063 ingens,

147 1089 311 1120 saxum
336 1072 602 1134 antiquum,
630 1071 814 1132 ingens,
844 1087 1012 1132 campo
1039 1069 1169 1132 quod
1193 1070 1313 1115 forte
1339 1068 1537 1127 iacebat,

147 1140 284 1187 limes
307 1155 416 1199 agro
440 1138 634 1201 positUS,
664 1138 799 1184 litem
827 1150 879 1183 ut
906 1137 1198 1183 discerneret
1223 1135 1339 1182 arvis
1361 1155 1376 1190 ;

144 1207 223 1253 vix
249 1206 373 1253 illud
398 1206 510 1252 lecti
537 1205 608 1251 bis
636 1222 716 1251 sex
746 1204 930 1251 cervice
958 1203 1187 1261 subirent,

146 1274 301 1337 qualia
328 1290 459 1319 nunc
485 1273 737 1319 hominum
765 1271 988 1334 producit
1015 1288 1206 1334 corpora
1233 1271 1376 1318 tellus
1400 1292 1412 1327 ς
1527 1296 1589 1326 900

146 1341 228 1388 ille
255 1358 399 1387 manu
424 1352 612 1403 raptum
639 1339 821 1402 trepida
850 1338 1102 1401 torquebat
1128 1338 1178 1384 in
1203 1339 1407 1394 hostem,

145 1408 285 1455 altior
310 1407 555 1469 insurgens
583 1421 628 1453 et
654 1424 793 1454 cursu
823 1406 1040 1452 concitus
1066 1407 1219 1452 heros.

147 1475 227 1522 sed
252 1492 408 1538 neque
435 1487 709 1521 currentem
737 1491 783 1520 se
810 1490 900 1519 nec
929 1473 1175 1534 cognoscit
1202 1486 1414 1530 euntem,

147 1543 459 1589 tollentemve
485 1559 629 1587 manu
657 1558 917 1603 saxumque
944 1540 1138 1586 inmane
1164 1554 1436 1586 moventem
1459 1559 1471 1593 3

146 1626 298 1670 genua
324 1609 499 1666 labant,
526 1608 708 1670 gelidus
736 1608 980 1654 concrevit
1007 1607 1178 1667 frigore
1204 1607 1405 1668 sanguis.

147 1691 250 1724 tum
276 1676 392 1739 lapis
418 1676 517 1738 ipse
541 1675 645 1732 viri,
670 1691 874 1721 vacuum
900 1692 983 1737 per
1009 1674 1152 1720 inane
1176 1675 1380 1730 volutus,

147 1760 236 1790 nec
263 1744 468 1806 spatium
495 1743 637 1789 evasit
664 1756 833 1800 totum,
862 1759 1020 1805 neque
1046 1741 1246 1804 pertulit
1272 1742 1438 1789 ictum.

146 1828 198 1857 ac
224 1810 393 1857 velut
382 1828 433 1856 in
460 1810 651 1866 somnis,
677 1810 840 1855 oculos
868 1809 949 1855 ubi
978 1809 1199 1870 languida
1223 1809 1392 1871 pressit

149 1890 290 1924 nocte
317 1877 468 1940 quies,
494 1877 787 1940 nequiquam
815 1876 971 1922 avidos
999 1876 1256 1922 extendere
1283 1893 1443 1923 cursus

146 1945 271 1991 velle
295 1945 529 2001 videmur,
556 1958 602 1991 et
628 1944 678 1989 in
706 1943 874 1990 mediis
902 1943 1152 1990 conatibus
1177 1943 1302 2004 aegri
1527 1967 1588 1999 910

147 2011 470 2058 succidimus·
457 2047 472 2065 ,
509 2028 605 2057 non
632 2011 795 2071 lingua
819 2011 962 2068 valet,
988 2027 1085 2056 non
1113 2027 1308 2072 corpore
1335 2024 1474 2057 notae

148 2078 390 2125 sufficiunt
413 2078 550 2136 vire5‚
577 2095 666 2124 nec
692 2095 782 2124 vox
809 2091 890 2124 aut
914 2078 1055 2124 verba
1087 2091 1350 2140 sequuntur
1374 2096 1383 2124 :

147 2146 213 2192 sic
240 2146 427 2203 Turno,
455 2162 756 2208 quacumque
781 2145 905 2191 viam
930 2145 1107 2191 virtute
1132 2144 1318 2207 petivit,

148 2229 416 2259 successum
441 2213 526 2258 dea
553 2212 650 2259 dira
677 2225 833 2273 negat.
907 2225 1008 2259 tum
1035 2224 1229 2275 pectore
1254 2229 1414 2258 sensus

147 2292 398 2326 vertuntur
420 2279 534 2325 varii
558 2299 573 2333 3
611 2280 815 2326 Rutulos
841 2292 1048 2342 aspectat
1077 2292 1123 2325 et
1149 2279 1331 2337 urbem,

149 2360 497 2410 cunctaturque
522 2360 671 2404 metu,
698 2347 947 2409 telumque
973 2346 1145 2392 instare
1176 2346 1450 2400 tremescit3

149 2429 254 2470 nec,
281 2431 374 2475 quo
399 2431 444 2460 se
471 2414 655 2476 eripiat,
682 2431 788 2471 nec,
814 2430 905 2476 qua
929 2413 975 2459 vi
1003 2413 1166 2459 tendat
1192 2413 1242 2458 in
1267 2414 1469 2469 hostem,

150 2495 238 2525 nec
265 2496 425 2526 currus
451 2498 648 2544 usquam
672 2481 803 2527 videt
828 2480 1134 2543 aurigamque
1161 2497 1381 2527 sororem.

149 2546 397 2593 cunctanti
423 2548 573 2594 telum
598 2549 783 2594 Aeneas
808 2548 952 2594 fatale
978 2561 1206 2604 coruscat,

149 2612 338 2659 sortitus
365 2613 602 2661 fortunam
628 2615 796 2672 oculis,
823 2626 870 2660 et
895 2631 1090 2677 corpore
1117 2626 1219 2660 toto
1524 2638 1586 2669 920

151 2679 335 2726 eminus
362 2678 623 2742 intorquet.
693 2681 864 2728 murali
891 2681 1080 2728 concita
1105 2697 1367 2744 numquam

483 2756 556 2805 893
589 2759 820 2796 clausumve.
934 2769 1010 2808 904
1040 2771 1190 2797 manus.
