1861 3256
549 227 882 266 GEORGICON
913 227 1015 265 LIB.
1046 227 1110 264 IV
1530 225 1579 274 87

147 336 330 397 cogitur
355 336 498 398 inque
525 334 650 381 sinus
677 334 854 380 scindit
881 352 977 381 sese
1004 334 1132 381 unda
1157 333 1393 391 reductos,
1522 358 1584 388 420

147 403 390 465 deprensis
417 402 532 448 olim
560 401 697 448 statio
724 401 955 448 tutissima
981 401 1166 458 nautis;

146 471 273 516 intus
301 488 347 516 se
373 469 489 515 vasti
519 469 713 515 Proteus
741 468 858 529 tegit
884 469 1020 515 obice
1048 469 1160 516 saxi.

145 538 223 584 hic
252 538 476 583 iuvenem
503 536 553 581 in
580 535 770 581 latebris
797 553 1011 582 aversum
1038 554 1062 582 a
1088 535 1272 582 lumine
1299 535 1530 598 Nympha

147 605 389 659 collocat3
428 604 526 666 ipsa
551 604 716 665 procul
743 603 931 648 nebulis
957 604 1154 650 obscura
1179 602 1365 649 resistit.

147 671 239 717 iam
265 671 454 733 rapidus
482 684 664 717 torrens
692 669 904 716 sitientes
934 670 1077 716 Sirius
1104 671 1248 717 Indos

149 738 341 784 ardebat
368 738 500 784 caelo
529 751 574 784 et
599 737 814 783 medium
842 738 908 783 sol
935 737 1101 798 igneus
1129 738 1293 784 orbern

149 807 369 851 hauserat
392 826 406 862 3
445 805 639 851 arebant
666 805 858 862 herbae,
888 817 935 851 et
962 822 1075 851 cava
1103 804 1302 850 fiumina
1331 804 1466 852 siccis

150 872 368 918 faucibus
396 872 453 918 ad
481 872 649 918 limum
676 871 796 918 radii
825 872 1065 934 tepefacta
1093 873 1364 934 coquebant
1389 891 1399 919 ε

150 957 259 985 cum
289 940 486 985 Proteus
516 952 746 985 consueta
773 952 942 1002 petens
970 955 993 985 e
1020 938 1244 985 fluctibus
1273 953 1407 986 antra

150 1006 248 1052 ibat
271 1027 284 1063 3
324 1024 433 1052 eum
459 1007 576 1052 vasti
607 1006 788 1052 circum
814 1023 926 1067 gens
953 1006 1114 1052 umida
1140 1006 1276 1068 ponti
1524 1031 1588 1061 430

152 1074 393 1119 exsultans
421 1091 576 1120 rorem
604 1074 699 1120 late
728 1073 951 1136 dispergit
978 1091 1189 1120 amarum
1212 1095 1225 1130 ;

153 1154 373 1187 sternunt
401 1158 445 1187 se
473 1158 640 1187 somno
668 1141 878 1188 diversae
905 1141 955 1187 in
983 1141 1120 1187 litore
1145 1142 1366 1203 phocae3

150 1209 264 1270 ipse,
292 1209 425 1254 velut
452 1208 624 1254 stabuli
653 1222 807 1255 custos
834 1208 884 1254 in
911 1208 1155 1254 montibus
1182 1207 1314 1265 olim,

150 1293 318 1337 vesper
344 1275 425 1321 ubi
454 1293 477 1322 e
504 1289 640 1338 pastu
667 1275 843 1322 vitulos
871 1276 929 1322 ad
955 1289 1080 1322 tecta
1106 1275 1294 1322 reducit
1353 1276 1359 1280 ’

152 1342 419 1405 auditisque
448 1343 584 1405 lupos
612 1357 792 1390 acuunt
817 1343 1049 1389 balatibus
1077 1342 1201 1404 agni,

151 1410 358 1456 considit
384 1410 580 1472 scopulo
607 1410 805 1468 medius,
834 1427 1184 1473 numerumque
1210 1423 1441 1457 recenset.

152 1477 284 1523 cuius
311 1477 527 1523 Aristaeo
553 1478 779 1540 quoniam
808 1491 874 1524 est
899 1478 1058 1524 oblata
1085 1477 1303 1534 facultas,

151 1545 229 1591 vix
257 1545 436 1591 defessa
463 1562 625 1591 senem
650 1562 807 1607 passus
834 1562 1121 1607 componere
1147 1545 1363 1590 membra

153 1630 262 1659 cum
290 1613 498 1659 clamore
525 1612 621 1658 ruit
647 1629 820 1672 magno
847 1611 1144 1674 manicisque
1171 1611 1412 1658 iacentem

151 1693 369 1742 occupat.
440 1679 523 1725 ille
551 1696 656 1725 suae
683 1692 847 1725 contra
874 1696 970 1724 non
996 1678 1235 1724 inmemor
1261 1678 1369 1724 artis
1529 1704 1590 1732 440

152 1747 310 1793 omnia
336 1747 641 1793 transformat
667 1763 764 1792 sese
791 1745 840 1792 in
867 1746 1097 1792 miracula
1123 1763 1294 1803 rerum,

150 1814 408 1877 ignemque
425 1814 803 1876 horribilemque
822 1814 970 1859 feram
988 1813 1285 1876 fluviumque
1303 1812 1587 1876 liquentem.

149 1899 315 1928 verum
342 1881 422 1927 ubi
450 1882 584 1927 nulla
611 1882 772 1942 fugam
798 1881 973 1943 reperit
1000 1881 1208 1937 fallacia,
1233 1880 1386 1926 victus

149 1949 198 1995 in
226 1966 323 1995 sese
349 1948 473 1995 redit
499 1962 642 2011 atque
667 1948 877 1994 hominis
903 1948 1099 1994 tandem
1125 1965 1204 1994 ore
1232 1948 1418 1994 locutus
1443 1965 1454 1994 ε

120 2021 258 2062 ‘narn
285 2016 388 2078 quis
415 2029 474 2073 te,
503 2015 734 2062 iuvenum
762 2015 1187 2073 confidentissime,
1216 2029 1393 2062 nostras

151 2083 284 2129 iussit
318 2083 448 2130 adire
482 2083 678 2129 domos?
730 2083 905 2146 quidve
946 2083 1060 2129 hinc
1087 2081 1261 2145 petis?
1309 2081 1483 2145 inquit.
1545 2096 1591 2129 at

285 2151 390 2197 ille:

120 2223 132 2243 ‘
148 2218 250 2275 scis,
273 2219 460 2275 Proteu,
491 2218 576 2265 scis
594 2218 693 2281 ipse
713 2239 725 2275 ;
764 2235 922 2281 neque
941 2231 1008 2264 est
1026 2231 1072 2264 te
1092 2218 1261 2264 fallere
1279 2217 1536 2280 quicquam
1555 2238 1568 2274 3

155 2285 234 2331 sed
262 2299 310 2331 tu
338 2286 501 2331 desine
528 2287 672 2332 velle.
744 2286 888 2331 deum
914 2299 1169 2348 praecepta
1196 2285 1347 2332 secuti

154 2351 383 2411 venimUS‚
410 2353 525 2400 hinc
553 2353 680 2399 lassis
708 2353 976 2416 quaesitum
1002 2353 1190 2399 oracula
1215 2352 1387 2399 rebus.’

157 2431 341 2465 tantum
367 2421 550 2467 effatus.
624 2420 682 2466 ad
708 2421 826 2467 haec
854 2433 983 2466 vates
1008 2420 1055 2466 vi
1081 2420 1292 2482 denique
1319 2419 1472 2465 multa
1531 2442 1594 2472 450

157 2485 371 2532 ardentes
396 2488 558 2534 oculos
585 2487 775 2534 intorsit
802 2487 985 2533 lumine
1011 2487 1196 2548 glaUCO,

158 2564 203 2596 et
229 2552 430 2611 graviter
455 2555 680 2601 frendens
707 2554 771 2600 sic
798 2554 905 2600 fatis
932 2572 1010 2600 ora
1037 2553 1231 2600 resolvit
1256 2572 1266 2600 ε

226 2622 350 2664 ‘non
378 2632 424 2665 te
451 2621 627 2667 nullius
657 2635 884 2668 exercent
911 2621 1122 2667 numinis
1149 2621 1244 2668 irae
1269 2642 1281 2677 ;

158 2701 328 2745 magna
354 2685 442 2731 luis
470 2688 717 2734 commissa
743 2707 752 2735 :
792 2688 877 2735 tibi
903 2689 985 2734 has
1013 2688 1295 2735 miserabilis
1324 2687 1547 2749 Orpheus

404 2773 480 2810 443
512 2764 679 2810 pellacia.
737 2776 815 2812 447
847 2764 1036 2813 cuiquam.
1093 2775 1174 2814 454
1194 2766 1285 2801 lues.
