1866 3208
1827 135 1834 156 s

298 253 377 292 234
748 240 791 278 P.
821 237 1056 276 VERGILI
1087 238 1347 276 MARONIS
1817 0 1866 299 Ἰ

360 415 426 462 sic
452 414 625 460 deinde
655 412 820 458 effatus
846 412 1090 458 frondenti
1120 425 1330 474 tempora
1356 428 1486 457 ramo

359 480 573 544 inplicat,
602 492 648 524 et
675 478 988 541 Geniumque
1015 479 1107 526 loci
1139 479 1432 541 primamque
1458 477 1654 524 deorum

360 547 613 593 Tellurem
640 545 987 608 Nymphasque
1016 558 1062 592 et
1088 545 1241 592 adhuc
1268 545 1429 605 ignota
1454 556 1673 606 precatur

359 613 572 667 flumina,
601 625 702 658 tum
730 611 941 658 Noctem
969 611 1237 675 Noctisque
1264 610 1461 657 orientia
1488 609 1619 670 signa

359 680 652 741 Idaeumque
679 679 844 725 Iovem
874 678 1221 741 Phrygiamque
1250 695 1305 724 ex
1333 677 1499 723 ordine
1528 677 1737 723 Matrem

359 747 564 802 invocat,
593 758 639 791 et
664 745 880 806 duplices
906 746 1135 808 caeloque
1164 745 1412 807 Ereboque
1438 757 1674 805 parentes.
1731 768 1791 797 140

357 813 436 858 hic
465 813 602 858 Pater
627 812 933 874 omnipotens
961 825 1029 858 ter
1056 814 1188 858 caelo
1216 812 1368 858 clarus
1393 811 1449 856 ab
1476 810 1574 856 alto

359 878 586 935 intonuit,
613 878 848 940 radiisque
874 879 1122 925 ardentem
1150 878 1268 925 lucis
1298 891 1342 924 et
1373 894 1484 923 auro

358 946 457 1008 ipse
484 962 627 991 manu
655 945 872 1007 quatiens
897 945 1104 991 ostendit
1131 946 1188 991 ab
1216 946 1409 991 aethere
1436 943 1629 990 nubem.

358 1012 536 1058 diditur
561 1011 639 1057 hic
666 1011 820 1056 subito
848 1011 1060 1057 Troiana
1087 1028 1172 1074 per
1198 1011 1381 1072 agmina
1408 1027 1581 1067 rumor,

359 1078 605 1125 advenisse
631 1078 774 1134 diem,
803 1095 895 1140 quo
922 1078 1084 1124 debita
1112 1078 1301 1124 moenia
1327 1077 1552 1123 condant.

1850 280 1862 307 δ

359 348 607 395 Anchisen
634 345 900 407 genitorem
928 359 973 391 et
999 346 1110 392 vina
1136 345 1354 408 reponite
1379 343 1581 391 mensis.'
1843 309 1866 672 ἶ

1855 702 1866 752 i

1861 765 1866 784 1

1861 793 1866 817 l

359 1145 577 1192 certatim
604 1145 868 1190 instaurant
896 1145 1074 1206 epulas,
1104 1158 1243 1207 atque
1271 1145 1431 1191 omine
1458 1160 1628 1204 magno

359 1225 560 1259 crateras
587 1211 699 1257 laeti
726 1223 941 1257 statuunt
970 1223 1016 1257 et
1041 1211 1152 1258 vina
1181 1225 1427 1257 coronant.

425 1292 612 1341 postera
638 1295 747 1324 cum
773 1277 925 1340 prima
954 1278 1184 1324 lustrabat
1212 1277 1429 1339 lampade
1457 1290 1599 1322 terras

358 1359 457 1391 orta
483 1346 598 1402 dies,
627 1345 793 1391 urbem
821 1357 868 1390 et
894 1344 1011 1390 fines
1040 1357 1086 1390 et
1115 1344 1253 1390 litora
1281 1344 1433 1404 gentis

358 1412 528 1458 diversi
558 1412 807 1474 explorant
832 1432 844 1467 ;
881 1412 998 1457 haec
1027 1411 1174 1456 fontis
1203 1423 1364 1470 stagna
1393 1408 1608 1466 Numici,
1737 1431 1797 1461 150
1864 1416 1866 1420 ’

359 1481 489 1525 hunc
516 1478 757 1540 Thybrim
784 1477 998 1534 fluvium,
1027 1477 1105 1523 hic
1134 1477 1277 1523 fortes
1304 1476 1519 1522 habitare
1546 1475 1760 1522 Latinos.

362 1559 464 1592 tum
491 1558 615 1591 satus
640 1544 849 1591 Anchisa
875 1544 1088 1590 delectos
1117 1543 1284 1589 ordine
1313 1544 1370 1589 ab
1397 1542 1528 1589 omni

361 1625 556 1659 centum
583 1625 789 1658 oratores
816 1624 1010 1671 augusta
1038 1611 1095 1656 ad
1123 1610 1312 1656 moenia
1337 1609 1455 1670 regis

360 1679 428 1724 ire
454 1679 602 1735 iubet,
630 1678 767 1723 ramis
793 1679 972 1724 velatos
1003 1676 1207 1723 Palladis
1235 1693 1414 1733 omnes,

360 1746 581 1807 donaque
608 1745 726 1790 ferre
754 1744 853 1789 viro
878 1760 1140 1806 pacemque
1170 1759 1423 1805 exposcere
1451 1741 1672 1789 Teucris.

360 1812 489 1858 haud
514 1828 670 1886 mora,
686 1810 915 1856 festinant
941 1810 1050 1856 iussi
1080 1809 1350 1872 rapidisque
1377 1810 1595 1855 feruntur

362 1878 587 1941 passibus.
660 1877 759 1940 ipse
785 1877 956 1923 humili
987 1876 1202 1937 designat
1229 1876 1419 1922 moenia
1446 1876 1582 1932 fossa,

363 1945 650 2007 moliturque
679 1945 838 1990 locum
864 1943 1131 2018 primasque
1160 1943 1208 1988 in
1236 1942 1375 1988 litore
1403 1942 1551 1999 sedeS‚

364 2024 623 2058 castrorum
650 2011 700 2056 in
727 2027 923 2084 morem,
952 2009 1112 2072 pinnis
1142 2022 1283 2072 atque
1310 2025 1476 2070 aggere
1501 2008 1667 2069 cingit.

363 2078 554 2140 iamque
580 2077 669 2123 iter
697 2076 875 2123 emensi
904 2090 1051 2122 turres
1080 2092 1132 2122 ac
1161 2088 1287 2122 tecta
1314 2075 1596 2122 Latinorum
1740 2090 1801 2120 160

364 2145 508 2190 ardua
535 2144 794 2190 cernebant
821 2144 1016 2189 iuvenes
1046 2159 1276 2205 muroque
1303 2142 1541 2189 subibant.

364 2224 476 2257 ante
502 2211 666 2257 urbem
692 2210 827 2273 pueri
857 2223 903 2256 et
930 2210 1172 2272 primaevo
1199 2209 1312 2255 flore
1338 2209 1557 2255 iuventus

367 2290 649 2323 exercentur
674 2277 806 2339 equis
832 2277 1166 2339 domitantque
1193 2276 1242 2321 in
1268 2275 1465 2338 pulvere
1491 2291 1664 2331 currus,

366 2356 446 2389 aut
472 2360 597 2389 acres
626 2344 831 2389 tendunt
860 2360 1010 2399 arcu8‚
1038 2355 1118 2389 aut
1144 2343 1275 2388 lenta
1301 2341 1486 2388 lacertis

366 2410 547 2472 spicula
574 2423 909 2472 contorquent,
940 2425 1171 2471 cursuque
1198 2409 1393 2470 ictuque
1419 2408 1656 2454 lacessunt
1681 2425 1691 2454 ε

367 2493 476 2523 cum
503 2489 778 2538 praevectus
807 2493 929 2538 equo
957 2475 1173 2550 longaevi
1200 2474 1318 2535 regis
1345 2474 1404 2520 ad
1429 2490 1558 2520 aures

368 2542 562 2589 nuntius
588 2542 805 2602 ingentes
833 2542 994 2602 ignota
1020 2541 1070 2587 in
1096 2553 1224 2587 veste
1250 2553 1457 2603 reportat

367 2609 610 2655 advenisse
635 2608 772 2654 viros.
846 2609 929 2654 ille
955 2608 1078 2654 intra
1104 2620 1229 2654 tecta
1255 2607 1412 2654 vocari

367 2675 585 2738 imperat,
614 2688 660 2721 et
686 2675 805 2721 solio
832 2675 1014 2721 medius
1041 2674 1257 2721 consedit
1282 2674 1424 2721 avito.

897 2752 964 2788 161
998 2764 1209 2801 murosque.
