1866 3208
584 243 857 281 AENEIDOS
888 243 990 282 LIB.
1019 242 1081 280 IX
1159 255 1165 259 ·
1503 243 1576 282 281

151 367 326 400 venatu
353 352 548 399 adsiduo
576 362 621 396 et
645 363 800 396 totum
827 349 1134 411 cognovimus
1161 349 1385 396 amnem.’

150 422 229 467 hic
257 420 392 467 annis
416 418 564 480 gravis
589 430 728 479 atque
756 416 900 463 animi
926 431 1137 463 maturus
1163 418 1330 464 Aletes
1354 435 1365 464 z

120 495 131 512 ‘
152 488 199 534 di
224 487 383 550 patrii,
410 501 609 549 quorum
635 500 822 545 semper
847 484 932 530 sub
958 485 1157 530 numine
1185 483 1334 530 Troia
1362 497 1446 541 est,

126 571 248 600 -non
275 567 436 601 tamen
462 551 658 599 omnino
684 551 900 597 Teucros
927 552 1090 598 delere
1115 551 1302 614 paratis,

151 637 260 667 cum
287 621 403 667 tales
430 619 611 666 animos
637 618 868 664 iuvenum
896 631 943 664 et
970 631 1064 664 tam
1093 632 1222 665 certa
1249 618 1420 665 tulistis

148 687 375 750 pectora.²
447 686 511 732 sic
529 701 794 731 memorans
821 702 1005 731 umeros
1033 685 1316 748 dextrasque
1343 685 1537 732 tenebat

150 754 397 801 amborum
423 767 470 800 et
495 753 681 798 vultum
708 751 916 798 lacrimis
941 765 1083 814 atque
1111 770 1190 799 ora
1217 753 1411 813 rigabat.
1523 776 1580 806 251

117 826 130 846 ‘
149 838 268 884 quae
293 821 440 878 vobis,
466 836 587 883 quae
613 818 770 880 digna,
798 818 902 876 viri,
930 837 1014 881 pro
1041 820 1260 866 laudibus
1287 820 1384 866 istis

148 888 357 950 praemia
381 904 515 950 posse
541 903 642 932 rear
667 885 783 932 solvi
805 889 821 932 ?
891 887 1213 948 pulcherrima
1238 887 1447 949 primum

147 954 196 1001 di
222 971 471 1016 moresque
497 953 682 1000 dabunt
706 952 847 999 vestri
871 974 884 1010 ;
923 967 1024 1000 tum
1052 968 1210 1000 cetera
1234 954 1403 1001 reddet

148 1034 359 1068 actutum
384 1020 488 1083 pius
513 1021 699 1066 Aeneas
726 1033 867 1083 atque
894 1020 1077 1081 integer
1104 1021 1206 1067 aevi

145 1088 390 1146 Ascanius,
417 1087 576 1134 meriti
605 1087 723 1134 tanti
750 1105 847 1133 non
874 1087 1112 1134 inmemor
1139 1087 1398 1151 umquam.'

115 1155 293 1201 ‘immo
321 1172 405 1216 ego
430 1172 527 1212 vos,
555 1155 633 1202 cui
660 1155 758 1201 sola
782 1155 904 1201 salus
931 1155 1148 1217 genitore
1174 1154 1404 1210 reduct0‚’

146 1221 324 1284 excipit
347 1222 594 1280 Ascanius,
621 1227 736 1285 ‘per
762 1239 971 1283 magnos»,
999 1222 1137 1280 Nise,
1165 1222 1365 1268 Penates

145 1289 455 1352 Assaracique
481 1289 652 1336 Larem
679 1302 727 1336 et
753 1306 900 1336 canae
926 1288 1191 1352 penetralia
1216 1289 1391 1336 Vestae

146 1357 392 1413 obtestor3
429 1373 760 1419 quaecumque
787 1356 904 1403 mihi
931 1357 1122 1402 fortuna
1148 1356 1359 1419 fidesque
1389 1369 1472 1413 est,
1522 1370 1584 1403 260

145 1422 196 1470 in
223 1423 386 1470 vestris
411 1441 540 1486 pono
566 1424 790 1484 gremiis·
778 1461 791 1480 ‚
827 1437 1048 1470 revocate
1075 1438 1340 1486 parentem,

144 1490 330 1537 reddite
357 1504 705 1553 conspectum;
744 1491 865 1536 nihil
893 1491 978 1536 illo
1004 1491 1134 1538 triste
1160 1504 1370 1552 recept0.

146 1557 256 1603 bina
282 1558 405 1604 dabo
432 1571 626 1619 argento
651 1559 866 1633 perfecta
891 1571 1032 1620 atque
1060 1575 1217 1619 aspera
1243 1557 1385 1619 signis

142 1625 332 1687 pocula,
360 1624 548 1671 devicta
574 1625 758 1686 genitor
784 1642 905 1700 quae
932 1624 1060 1687 cepit
1083 1625 1266 1683 Arisba,

146 1704 192 1739 et
218 1691 425 1753 tripodas
451 1692 681 1753 geminos,
709 1693 808 1739 auri
835 1693 930 1738 duo
956 1708 1126 1752 magna
1153 1691 1345 1749 talenta,

144 1771 322 1805 cratera
350 1758 616 1822 antiquum,
645 1775 789 1821 quem
815 1759 896 1805 dat
924 1758 1118 1805 Sidonia
1143 1758 1288 1806 Dido.

143 1825 178 1871 si
204 1842 317 1871 vero
342 1842 512 1888 capere
539 1825 729 1872 Italiam
756 1825 1049 1888 sceptrisque
1075 1826 1218 1888 potiri

142 1892 400 1953 contigerit
423 1892 595 1939 victori
623 1906 670 1939 et
697 1894 902 1956 praedae
932 1893 1092 1939 dicere
1123 1906 1311 1952 sortem,

141 1959 302 2006 vidisti
328 1976 422 2023 quo
450 1960 645 2006 Turnus
673 1977 810 2023 equo,
838 1960 1008 2024 quibus
1039 1960 1139 2007 ibat
1164 1961 1215 2007 in
1242 1960 1381 2007 armis

143 2043 310 2073 aureus
333 2046 347 2083 3
383 2026 538 2089 ipsum
563 2027 719 2085 illum,
747 2028 958 2090 clipeum
985 2027 1245 2091 cristasque
1271 2028 1497 2074 rubentes
1521 2050 1584 2081 270

143 2092 381 2156 excipiam
407 2093 536 2151 sorti,
560 2093 655 2140 iam
683 2111 813 2141 nunc
841 2108 920 2141 tua
945 2094 1172 2157 praemia,
1200 2094 1334 2140 Nise.

141 2174 384 2223 praeterea
410 2160 479 2206 bis
506 2178 586 2208 sex
611 2161 800 2222 genitor
826 2161 1079 2208 lectissima
1106 2174 1313 2208 matrum

143 2243 340 2290 corpora
365 2227 671 2291 captivosque
698 2229 846 2286 dabit,
875 2245 1051 2291 suaque
1078 2228 1299 2275 omnibus
1326 2244 1452 2274 arma
1473 2247 1487 2282 ;

142 2293 339 2357 insuper
362 2294 450 2352 his,
478 2295 632 2357 campi
660 2296 788 2358 quod
815 2313 897 2342 rex
924 2296 1108 2343 habet
1097 2312 1197 2358 lpse
1223 2294 1441 2342 Latinus·

144 2374 191 2407 te
215 2378 345 2420 vero,
371 2378 477 2408 mea
503 2379 647 2425 quem
673 2363 834 2425 spatiis
860 2363 1160 2438 propioribus
1187 2376 1313 2410 aetas

144 2427 429 2491 insequitur,
453 2430 728 2477 venerande
752 2448 887 2493 puer,
915 2430 1009 2477 iam
1034 2443 1229 2494 pectore
1255 2442 1358 2476 toto

146 2493 328 2556 accipio
354 2509 400 2543 et
425 2497 653 2544 comitem
680 2515 811 2544 casus
839 2497 1171 2561 complector
1159 2514 1210 2544 111
1236 2513 1417 2543 omnes.

146 2560 281 2606 nulla
307 2562 422 2609 meis
448 2563 551 2611 sine
577 2578 624 2611 te
650 2578 905 2628 quaeretur
929 2565 1076 2626 gloria
1100 2565 1275 2621 rebus3

146 2643 229 2673 seu
253 2644 422 2689 pacem
447 2647 528 2676 seu
553 2631 680 2677 bella
704 2648 881 2692 geram,
908 2632 995 2679 tibi
1021 2632 1228 2679 maxima
1254 2645 1410 2677 rerum

146 2693 497 2757 verborumque
524 2696 668 2745 fides?
739 2712 906 2746 contra
932 2716 1077 2762 quem
1104 2699 1215 2746 talia
1242 2698 1365 2743 fatur
1519 2709 1581 2740 280

243 2784 320 2825 252
350 2787 416 2823 pro
435 2776 573 2814 talibus
594 2778 705 2818 ausis.
835 2779 910 2816 268
944 2781 1088 2818 ducere.
1205 2789 1283 2826 274
1312 2788 1416 2826 quos.
