1861 3256
262 194 336 256 ab
711 221 752 258 P.
783 219 1016 257 VERGILI
1046 220 1304 259 MARONIS

325 326 692 389 haudquaquam
719 326 779 371 ob
805 325 1026 373 meritum
1051 344 1244 389 poenas,
1271 326 1319 372 ni
1347 327 1443 373 fata
1469 326 1702 385 resistant,

326 393 535 449 susei‘tat,
566 405 612 438 et
636 404 769 452 rapta
795 391 996 452 graviter
1019 411 1103 455 pro
1129 393 1328 454 coniuge
1355 392 1516 439 saevit.

324 458 408 533 illa
435 459 645 521 quidem,
673 458 788 504 dum
814 471 859 504 te
886 458 1067 519 fugeret
1091 477 1174 523 per
1199 459 1396 516 flumina
1421 475 1659 522 praeceps,

296 535 300 540 '
324 541 567 570 mmanem
594 536 703 569 ante
728 524 873 586 pedes
897 526 1101 587 hydrum
1127 526 1348 572 moritura
1374 525 1533 587 puella

324 603 589 637 servantem
616 590 737 652 ripas
765 591 858 637 alta
884 608 981 638 non
1007 592 1127 639 vidit
1152 593 1202 638 in
1228 593 1388 638 herba.

324 670 370 702 at
397 658 566 702 chorus
592 657 798 719 aequalis
825 658 1074 719 Dryadum
1101 659 1305 705 clamore
1331 674 1571 719 supremos
1690 673 1753 712 460

322 723 569 784 inplerunt
595 736 817 778 montes;
854 723 1027 771 flerunt
1055 725 1359 786 Rhodopeiae
1385 741 1511 770 arces

324 790 513 851 altaque
543 790 757 850 Pangaea
785 803 831 837 et
861 791 1006 837 Rhesi
1035 791 1273 837 Mavortia
1300 791 1439 836 tellus

321 869 463 918 atque
491 856 645 902 Getae
672 870 814 919 atque
841 858 1032 904 Hebrus
1058 871 1104 904 et
1128 857 1290 904 Actias
1316 856 1554 919 Orithyia.

321 922 419 984 ipse
445 939 558 968 cava
584 923 738 968 solans
765 940 958 985 aegrum
984 924 1221 970 testudine
1248 940 1455 970 amorem

321 1001 383 1046 te,
411 988 563 1034 dulcis
590 989 819 1048 coniunx,
847 1003 894 1037 te
921 991 1020 1037 solo
1046 991 1094 1036 in
1122 991 1261 1037 litore
1287 1007 1464 1048 secum,

321 1068 366 1101 te
388 1055 615 1101 veniente
641 1055 734 1113 die,
763 1069 810 1102 te
835 1056 1103 1104 decedente
1129 1057 1346 1104 canebat.

321 1122 580 1168 Taenarias
609 1122 752 1168 etiam
779 1123 953 1181 fauces,
981 1124 1075 1169 alta
1100 1124 1216 1170 ostia
1242 1124 1383 1182 Ditis,

322 1202 367 1234 et
393 1189 679 1249 caligantem
707 1189 840 1250 nigra
868 1190 1125 1236 formidine
1151 1191 1314 1236 lucum

319 1255 548 1315 ingressus
579 1256 848 1318 Manesque
876 1256 991 1302 adiit
1017 1273 1270 1319 regemque
1298 1256 1601 1303 tremendum

319 1322 573 1384 nesciaque
599 1322 820 1369 humanis
846 1323 1066 1385 precibus
1092 1339 1415 1369 mansuescere
1442 1323 1595 1370 corda.
1688 1347 1752 1378 470

320 1402 366 1435 at
392 1402 535 1435 cantu
563 1402 830 1435 commotae
859 1389 1002 1435 Erebi
1031 1390 1090 1435 de
1117 1389 1302 1435 sedibus
1328 1389 1434 1435 imis

319 1456 512 1501 umbrae
540 1455 671 1501 ibant
699 1468 865 1502 tenues
893 1455 1237 1518 simulacraque
1262 1456 1371 1502 luce
1397 1468 1658 1514 carentum,

319 1539 461 1584 quam
487 1522 637 1568 multa
663 1522 712 1567 in
740 1522 865 1568 foliis
893 1522 1051 1568 avium
1077 1539 1124 1568 se
1149 1521 1280 1568 milia
1306 1522 1538 1581 condunt,
1561 1539 1579 1544 ⁵

319 1606 482 1651 vesper
509 1589 588 1634 ubi
616 1602 697 1635 aut
722 1589 951 1635 hibernus
977 1588 1070 1649 agit
1095 1589 1153 1635 de
1179 1589 1422 1635 montibus
1447 1589 1615 1645 imber,

320 1669 488 1701 matres
516 1668 657 1718 atque
683 1656 770 1701 viri
798 1656 1125 1717 defunctaque
1151 1672 1345 1718 corpora
1371 1655 1466 1701 vita

275 1735 293 1772 z
319 1722 676 1782 magnanimum
703 1724 920 1779 heroum,
946 1721 1081 1784 pueri
1107 1721 1432 1784 innuptaeque
1459 1722 1663 1783 puellae,

319 1788 609 1851 inpositique
635 1788 755 1849 rogis
781 1788 977 1834 iuvenes
1005 1801 1115 1835 ante
1141 1805 1220 1834 ora
1245 1801 1496 1850 parentum
1520 1809 1533 1844 3

318 1872 433 1917 quos
461 1855 641 1901 circum
668 1855 809 1902 limus
837 1857 969 1915 niger
998 1868 1043 1901 et
1070 1855 1294 1901 deformis
1320 1855 1535 1900 harundo

321 1922 493 1983 Cocyti
523 1922 750 1984 tardaque
777 1923 909 1984 palus
936 1921 1203 1967 inamabilis
1229 1922 1356 1967 unda

317 1989 495 2049 adligat
524 2002 570 2035 et
596 1988 792 2034 noviens
823 1989 937 2049 Styx
965 1988 1196 2034 interfusa
1222 1995 1424 2034 coercet.
1688 2003 1751 2042 480

317 2055 432 2117 quin
460 2055 586 2118 ipsae
614 2068 835 2117 stupuere
863 2055 1030 2101 domus
1056 2068 1196 2117 atque
1222 2055 1390 2101 intima
1416 2054 1524 2101 Leti
1561 2106 1565 2120 Ι

318 2123 519 2168 Tartara
547 2123 884 2184 caeruleosque
912 2122 1133 2184 inplexae
1161 2121 1369 2167 crinibus
1395 2137 1568 2181 angues

319 2189 626 2246 Eumenides,
658 2189 910 2251 tenuitque
937 2188 1126 2234 inhians
1154 2188 1240 2234 tria
1268 2188 1502 2234 Cerberus
1529 2205 1607 2233 ora

319 2268 461 2317 atque
489 2255 666 2301 Ixionii
695 2270 841 2302 vento
867 2268 967 2301 rota
992 2254 1205 2301 constitit
1231 2254 1368 2301 orbis.

316 2321 508 2383 iamque
534 2322 708 2383 pedem
736 2323 945 2368 referens
972 2339 1102 2367 casus
1128 2334 1334 2367 evaserat
1359 2337 1523 2366 omnes

316 2388 595 2450 redditaque
624 2388 858 2449 Eurydice
885 2405 1070 2450 superas
1095 2387 1316 2433 veniebat
1342 2387 1398 2432 ad
1423 2404 1552 2433 auras

317 2471 442 2515 pone
492 2470 1004 2516 sequens,—namque
1052 2455 1173 2500 hanc
1223 2453 1417 2500 dederat
1468 2453 1745 2516 Proserpina

451 2521 673 2581 legem—

318 2604 428 2633 cum
455 2587 606 2633 subita
632 2586 877 2633 incautum
903 2586 1144 2632 dementia
1171 2586 1299 2648 cepit
1325 2599 1579 2644 amantem,

318 2653 605 2714 ignoscenda
633 2653 842 2716 quidem,
870 2653 1044 2699 scirent
1070 2653 1104 2698 si
1131 2653 1373 2712 ignoscere
1402 2654 1574 2699 Manes
1599 2672 1609 2699 ε

356 2741 432 2781 455
465 2732 508 2768 ad
539 2731 733 2769 meritum.
899 2731 976 2779 460
1006 2743 1191 2779 suprem0.
1352 2730 1430 2779 482
1460 2731 1633 2770 innexae.
