1866 3208
281 276 359 316 294
727 266 770 303 P.
801 264 1035 304 VERGILI
1065 265 1324 304 MARONIS

346 389 435 419 nec
461 371 645 434 duplici
671 387 862 434 squama
886 370 1032 417 lorica
1058 371 1208 418 fidelis
1235 385 1281 418 et
1308 388 1419 417 auro

346 438 600 491 sustinuit;
637 438 840 499 collapsa
866 450 1011 484 ruunt
1036 437 1248 485 inmania
1273 438 1498 484 membra.

345 505 426 552 dat
452 505 590 551 tellus
615 503 860 564 gemitum,
888 517 935 551 et
959 504 1169 567 clipeum
1194 521 1332 567 super
1356 504 1542 551 intonat
1567 503 1750 566 ingens.

344 570 485 618 talis
474 587 524 615 in
553 569 768 616 Euboico
795 570 1014 617 Baiarum
1041 571 1179 618 litore
1207 570 1447 634 quondam
1710 595 1773 627 710

345 654 482 684 saxea
506 636 604 698 pila
630 636 773 694 cadit,
800 636 981 697 magnis
1007 654 1147 701 quam
1173 638 1376 684 molibus
1403 650 1512 684 ante

346 716 666 751 constructam
693 716 839 765 ponto
865 703 1077 761 iaciunt;
1114 705 1178 751 sic
1204 705 1285 750 illa
1310 703 1496 750 ruinam

345 787 492 833 prona
519 769 660 816 trahit
686 769 971 832 penitusque
997 742 1125 817 vadis
1151 770 1288 817 inlisa
1314 771 1581 826 recumbit3

346 837 548 883 miscent
573 853 620 882 se
647 836 807 893 maria,
837 849 883 882 et
911 837 1069 898 nigrae
1097 838 1386 884 attolluntur
1411 838 1648 894 harenae3

347 917 449 950 tum
476 902 630 949 sonitu
660 903 899 978 Prochyta
920 904 1012 950 alta
1039 904 1197 951 tremit
1223 905 1490 966 durumque
1517 904 1678 951 cubile

347 970 554 1017 Inarime
581 969 744 1014 Iovis
734 970 942 1043 lmperiis
968 969 1154 1045 inposta
1180 972 1435 1045 Typhoeo.

413 1036 491 1083 hic
521 1036 651 1082 Mars
679 1036 968 1098 armipotens
995 1037 1209 1083 animum
1234 1038 1448 1100 viresque
1474 1036 1660 1083 Latinis

346 1103 528 1150 addidit
555 1115 601 1148 et
628 1102 843 1148 stimulos
871 1119 995 1149 acres
1021 1103 1107 1149 sub
1129 1117 1324 1166 pectore
1350 1104 1507 1159 vertit,

346 1169 623 1232 inmisitque
652 1170 826 1229 Fugam
855 1169 1056 1216 Teucris
1084 1183 1331 1233 atrumque
1358 1171 1626 1217 Timorem.

348 1237 561 1299 undique
588 1235 901 1293 conveniunt,
929 1236 1151 1299 quoniam
1178 1237 1286 1283 data
1311 1236 1447 1299 copia
1472 1253 1657 1299 pugnae
1718 1259 1780 1291 720

347 1304 643 1365 bellatorque
671 1303 830 1348 animo
857 1303 970 1349 deus
997 1303 1184 1351 incidit.

349 1369 586 1416 Pandarus
613 1382 664 1415 ut
692 1370 797 1416 fuso
823 1386 1101 1430 germanum
1128 1387 1324 1433 corpore
1349 1369 1517 1425 cernit,

349 1449 395 1483 et
420 1453 514 1499 quo
540 1436 599 1482 sit
625 1437 813 1482 fortuna
840 1437 960 1494 loco,
988 1437 1067 1500 qui
1096 1454 1226 1484 casus
1251 1450 1353 1498 agat
1378 1454 1466 1493 res,

347 1516 531 1566 portam
558 1503 602 1549 vi
630 1520 797 1564 magna
825 1520 1053 1550 converso
1078 1504 1271 1550 cardine
1298 1516 1502 1567 torquet,

347 1570 548 1616 obnixus
574 1570 678 1616 latis
706 1570 894 1626 umeris,
922 1571 1192 1634 multosque
1218 1587 1409 1617 suorum

349 1637 598 1683 moenibus
626 1637 841 1684 exclusos
867 1638 986 1684 duro
1011 1637 1060 1683 in
1088 1637 1348 1684 certamine
1374 1636 1585 1700 linquit3

347 1716 416 1750 ast
441 1703 555 1749 alios
583 1720 743 1750 secum
770 1704 977 1751 includit
1003 1704 1272 1767 recipitque
1297 1717 1503 1759 ruentes,

348 1771 558 1827 demens,
586 1770 665 1832 qui
695 1770 930 1816 Rutulum
958 1771 1008 1816 in
1035 1771 1192 1816 medio
1219 1787 1317 1816 non
1344 1770 1530 1831 agmine
1556 1785 1715 1830 regern

347 1837 520 1883 viderit
547 1836 905 1898 inrumpentem
933 1837 1153 1899 ultroque
1180 1837 1427 1883 incluserit
1455 1836 1575 1894 urbi,

349 1903 593 1949 inmanem
619 1903 767 1950 veluti
795 1920 966 1966 pecora
992 1903 1119 1949 inter
1144 1903 1315 1950 inertia
1339 1903 1514 1963 tigrim.
1719 1926 1782 1958 730

349 1970 581 2016 continuo
609 1986 731 2016 nova
757 1970 837 2016 lux
864 1969 1014 2016 oculis
1042 1970 1234 2026 effulsit,
1261 1984 1306 2016 et
1332 1987 1458 2016 arma

349 2037 639 2083 horrendum
667 2053 897 2094 sonuere;
934 2050 1144 2083 tremunt
1168 2036 1218 2083 in
1243 2037 1422 2082 vertice
1449 2036 1619 2083 cristae

349 2103 646 2164 sanguineae,
675 2103 924 2179 clipeoque
951 2103 1178 2150 micantia
1203 2103 1408 2150 fulmina
1434 2103 1601 2150 mittit.

350 2171 648 2230 adgnoscunt
675 2170 886 2217 faciem
874 2170 1075 2217 1nvisam
1101 2183 1243 2233 atque
1268 2169 1480 2216 inmania
1506 2169 1720 2216 membra

350 2237 522 2283 turbati
550 2237 705 2283 subito
729 2237 998 2284 Aeneadae.
1069 2250 1170 2284 tum
1199 2236 1470 2283 Pandarus
1457 2252 1625 2297 lngens

351 2303 523 2350 emicat
551 2317 596 2350 et
622 2304 785 2350 mortis
811 2304 1042 2350 fraternae
1069 2303 1275 2350 fervidus
1301 2303 1366 2349 ira

352 2369 550 2416 effatur:
590 2374 602 2394 ‘
619 2387 716 2416 non
742 2372 859 2417 haec
886 2370 1056 2417 dotalis
1081 2370 1207 2431 regia
1231 2371 1463 2423 Amatae;

350 2453 439 2482 nec
465 2436 611 2482 muris
639 2437 834 2482 cohibet
858 2436 1020 2499 patriis
1046 2436 1202 2482 media
1225 2436 1380 2482 Ardea
1407 2436 1649 2482 Turnum.

351 2515 498 2550 castra
522 2502 718 2549 inimica
743 2503 900 2549 vides:
939 2503 1071 2548 nulla
1097 2502 1210 2549 hinc
1237 2502 1366 2549 exire
1391 2501 1630 2564 potestas.'

350 2569 435 2616 olli
462 2569 706 2616 subridens
732 2570 892 2615 sedato
917 2581 1110 2631 pectore
1137 2569 1334 2615 Turnus
1719 2590 1782 2624 740

321 2641 332 2661 ‘
353 2636 531 2699 incipe,
556 2636 591 2682 si
619 2654 709 2698 qua
736 2635 895 2682 animo
921 2636 1084 2692 virtus,
1109 2648 1157 2682 et
1183 2652 1376 2682 consere
1402 2635 1648 2682 dextram:

353 2703 430 2750 hic
458 2703 601 2750 etiam
627 2703 879 2749 inventum
907 2702 1094 2749 Priamo
1120 2702 1326 2748 narrabis
1351 2701 1628 2749 Achillem.’

369 2792 442 2828 721
476 2781 636 2818 animos.
747 2792 821 2829 723
852 2780 932 2830 quis
954 2793 1070 2818 casus.
1181 2792 1254 2829 733
1287 2779 1700 2829 clipeique...mittunt.
