1866 3208
254 217 333 260 218
702 222 745 261 P.
775 221 1017 260 VERGILL
1038 222 1295 261 MARONIS

326 344 415 375 nec
440 329 609 375 vidisse
635 327 778 374 semel
803 327 909 374 satis
935 341 1002 375 est
1023 348 1038 385 ;
1073 328 1200 375 iuvat
1226 345 1371 391 usque
1398 327 1564 374 morari

326 407 372 441 et
396 396 610 441 conferre
634 394 830 454 gradum
855 407 901 441 et
924 395 1145 442 veniendi
1171 395 1349 442 discere
1375 411 1548 441 causas.

325 474 371 507 at
393 461 615 507 Danaum
641 477 854 521 proceres
877 462 1372 524 Agamemnoniaeque
1397 461 1649 523 phalanges

326 540 378 573 ut
402 526 560 572 videre
585 526 739 572 virum
766 527 1085 591 fulgentiaque
1109 545 1235 575 arma
1258 545 1339 590 per
1365 526 1565 583 umbras,
1688 551 1751 583 490

326 592 505 653 ingenti
532 593 760 654 trepidare
786 607 947 650 metu;
982 612 1081 656 pars
1106 609 1282 641 vertere
1309 607 1449 654 terga,

325 676 412 705 ceu
439 658 676 720 quondam
700 660 877 722 petiere
902 675 1018 707 rates
1034 680 1048 714 3
1084 678 1183 723 pars
1210 661 1372 707 tollere
1398 676 1565 706 vocem

326 725 572 785 exiguam:
609 725 826 788 inceptus
851 727 1026 773 clamor
1051 728 1295 774 frustratur
1319 727 1517 773 hiantes.

392 804 530 854 atque
555 792 632 838 hic
662 792 926 839 Priamiden
953 794 1177 841 laniatum
1204 810 1396 855 corpore
1423 806 1522 840 toto

325 857 632 919 Deiphobum
658 859 791 916 vidit,
816 860 1023 906 lacerum
1049 860 1301 907 crudeliter
1326 877 1417 916 ora,

323 941 401 970 ora
425 941 683 987 manusque
709 926 882 983 ambas,
909 927 1225 990 populataque
1253 940 1461 988 tempora
1486 925 1628 988 raptis

323 990 524 1048 auribUS‚
553 1004 599 1037 et
626 1004 814 1038 truncas
839 992 1089 1039 inhonesto
1114 995 1310 1040 vulnere
1337 1010 1484 1039 nares.

322 1057 399 1103 vix
426 1058 540 1104 adeo
565 1058 784 1118 adgnovit
811 1059 1099 1121 pavitantem
1125 1074 1172 1106 et
1197 1060 1296 1106 dira
1322 1073 1560 1120 tegentem

322 1124 569 1186 supplicia,
595 1138 639 1171 et
665 1125 784 1171 notis
812 1127 1065 1187 compellat
1089 1127 1281 1173 vocibus
1308 1127 1431 1172 ultro
1455 1145 1465 1172 ;

288 1196 301 1215 ‘
321 1191 572 1253 Deiphobe
615 1191 912 1253 armipotens,
955 1208 1100 1253 genus
1143 1194 1236 1240 alto
1284 1210 1309 1239 a
1349 1192 1575 1254 sanguine
1619 1192 1752 1238 Teu-

455 1275 538 1313 crl,
1693 1283 1755 1312 500

321 1324 423 1386 quis
450 1337 543 1370 tam
569 1326 781 1371 crudeles
806 1326 983 1388 optavit
1008 1343 1190 1373 sumere
1217 1329 1421 1388 poenas?

321 1391 397 1436 cui
426 1404 611 1438 tanturn
637 1392 692 1438 de
720 1406 765 1438 te
792 1392 963 1439 licuit?
1000 1393 1115 1438 mihi
1145 1393 1265 1438 fama
1290 1409 1506 1454 suprema

324 1470 462 1503 nocte
489 1458 598 1504 tulit
624 1458 796 1505 fessum
824 1473 948 1505 vasta
974 1472 1020 1505 te
1047 1459 1186 1506 caede
1215 1459 1461 1520 Pelasgum

320 1524 620 1585 procubuisse
647 1542 782 1588 super
807 1526 1026 1572 confusae
1053 1526 1211 1586 stragis
1238 1543 1474 1572 acervum.

321 1603 435 1636 tunc
463 1605 649 1651 egomet
675 1592 914 1638 tumulum
943 1592 1156 1639 Rhoeteo
1181 1592 1317 1639 litore
1343 1592 1536 1638 inanem

320 1657 562 1713 constitui,
587 1671 633 1704 et
658 1675 825 1720 magna
856 1660 1026 1705 Manes
1052 1673 1123 1705 ter
1148 1675 1264 1705 voce
1289 1658 1468 1705 vocavi.

321 1740 495 1770 nornen
523 1738 568 1770 et
594 1741 722 1771 arma
749 1726 908 1771 locum
935 1739 1116 1771 servant
1138 1746 1152 1782 ;
1190 1738 1252 1781 te,
1277 1725 1444 1782 amice,
1469 1724 1661 1787 nequivi

321 1791 590 1852 conspicere
617 1805 662 1837 et
687 1791 834 1853 patria
859 1792 1090 1838 decedens
1116 1808 1291 1854 ponere
1317 1791 1467 1838 terra.'

321 1857 377 1903 ad
402 1874 519 1920 quae
549 1858 804 1904 Priamides
829 1876 839 1904 :
877 1863 890 1883 ‘
908 1858 1026 1904 nihil
1054 1875 1096 1915 o,
1126 1858 1226 1915 tibi,
1254 1858 1417 1915 amice,
1445 1858 1668 1904 relictum
1691 1877 1704 1913 ;

321 1924 480 1970 omnia
501 1924 760 1986 Deiphobo
787 1925 962 1971 solvisti
991 1938 1036 1971 et
1063 1925 1242 1971 funeris
1269 1925 1460 1971 umbris.
1690 1948 1753 1977 510

320 1990 401 2036 sed
425 2007 500 2036 me
527 1991 622 2037 fata
646 2007 749 2037 mea
774 2005 819 2037 et
845 1992 995 2038 scelus
1022 1991 1211 2037 exitiale
1238 1992 1482 2037 Lacaenae

320 2057 390 2102 his
417 2074 617 2103 mersere
643 2057 774 2103 malis
799 2076 809 2104 ε
846 2058 928 2103 illa
954 2059 1068 2104 haec
1096 2058 1391 2104 monimenta
1415 2057 1626 2120 reliquit.

321 2140 525 2186 namque
551 2137 602 2170 ut
627 2141 898 2186 supremam
926 2125 1037 2170 falsa
1064 2124 1188 2171 inter
1213 2124 1379 2185 gaudia
1404 2137 1592 2170 noctem

323 2206 568 2249 cgenmus,
595 2204 746 2245 nost13
783 2205 829 2238 et
855 2208 1057 2237 nimium
1085 2208 1353 2238 memimsse
1380 2207 1567 2237 necesse
1593 2204 1675 2235 est.

320 2273 429 2301 cum
456 2257 609 2303 fatalis
636 2275 783 2320 equus
810 2258 926 2304 saltu
955 2274 1093 2320 super
1120 2258 1261 2303 ardua
1290 2257 1418 2304 venit

323 2321 562 2382 Pergama,
586 2337 633 2369 et
658 2338 888 2370 armatum
917 2324 1123 2385 peditem
1149 2324 1297 2384 gravis
1323 2322 1480 2369 attulit
1506 2322 1641 2368 alvo:

320 2389 418 2444 illa,
443 2390 638 2435 chorum
665 2390 906 2447 simulans,
937 2404 1129 2436 euantes
1153 2389 1279 2450 orgia
1306 2389 1487 2435 circum

319 2454 522 2501 ducebat
550 2455 799 2516 Phrygias3
836 2455 1074 2501 flammam
1100 2456 1253 2501 media
1278 2455 1375 2517 ipsa
1401 2454 1591 2501 tenebat

319 2521 579 2582 ingentem,
604 2534 651 2567 et
675 2538 855 2567 summa
881 2521 1068 2568 Danaos
1096 2538 1152 2567 ex
1179 2537 1285 2567 arce
1311 2520 1523 2568 vocabat.

321 2602 421 2633 tum
447 2604 522 2633 me
547 2587 820 2634 confectum
848 2588 969 2634 curis
997 2604 1254 2662 somnoque
1269 2601 1522 2662 ‘gravatum
1688 2611 1750 2640 520

320 2653 490 2700 infelix
515 2654 679 2700 habuit
706 2655 951 2710 thalamus,
979 2654 1239 2717 pressitque
1265 2654 1498 2701 iacentem

547 2741 623 2780 495
656 2731 757 2768 videt
777 2738 826 2768 et.
886 2741 958 2781 505
991 2731 1031 2767 in
1054 2731 1175 2769 litore.
1236 2731 1309 2780 516
1341 2733 1460 2769 alveo.
