1866 3208
267 251 344 291 216
718 253 761 292 P.
791 251 1026 290 VERGILI
1054 251 1310 291 MARONIS

405 358 640 406 Cerberus
666 360 782 405 haec
809 358 974 420 ingens
1000 359 1171 407 latratu
1198 377 1340 421 regna
1366 358 1551 406 trifauci

334 438 566 488 personat,
593 425 784 471 adverso
809 425 1037 472 recubans
1063 426 1264 473 inmanis
1289 426 1338 472 in
1365 439 1514 473 antro.

336 492 414 539 cui
440 504 584 547 vates,
609 491 796 537 horrere
822 491 986 537 videns
1012 492 1105 539 iam
1131 494 1251 539 colla
1276 492 1494 547 colubris,

335 558 479 604 melle
506 569 767 618 soporatam
794 570 840 604 et
865 558 1108 605 medicatis
1135 559 1346 620 frugibus
1372 559 1514 605 offam
1697 584 1761 615 420

336 623 497 670 obicit.
569 623 652 668 ille
678 623 802 670 fame
828 624 986 671 rabida
1013 625 1098 671 tria
1123 639 1309 686 guttura
1334 625 1546 687 pandens

336 689 528 752 corripit
553 689 805 747 obiectam,
830 704 970 754 atque
997 691 1205 738 inmania
1231 706 1360 752 terga
1386 692 1577 738 resolvit

336 756 464 802 fusus
489 756 641 813 humi,
667 768 858 820 totoque
884 758 1047 819 ingens
1075 758 1343 805 extenditur
1368 771 1514 805 antro.

335 835 539 884 occupat
562 823 747 869 Aeneas
773 824 953 871 aditum
980 825 1170 871 custode
1196 825 1395 887 sepult0,

337 889 588 951 evaditque
614 890 741 936 celer
766 890 915 952 ripam
941 891 1257 938 inremeabilis
1285 891 1453 938 undae.

337 955 566 1002 continuo
591 956 778 1003 auditae
803 975 954 1015 voces,
981 958 1161 1018 vagitus
1188 970 1234 1005 et
1259 958 1440 1019 ingens,

337 1022 671 1085 infantumque
698 1023 882 1070 animae
908 1024 1073 1071 flentes
1099 1025 1149 1070 in
1175 1024 1341 1071 limine
1365 1024 1532 1087 primo,

337 1106 453 1151 quos
479 1089 631 1136 dulcis
655 1089 776 1136 vitae
803 1104 1005 1138 exsortes
1031 1104 1077 1137 et
1103 1091 1160 1137 ab
1186 1092 1326 1137 ubere
1352 1104 1506 1153 raptos

338 1155 530 1202 abstulit
550 1168 646 1202 atra
672 1156 769 1202 dies
795 1169 841 1203 et
866 1157 1031 1204 funere
1056 1157 1217 1204 mersit
1243 1157 1429 1204 acerbo,

338 1223 419 1268 hos
446 1222 577 1269 iuxta
603 1223 719 1268 falso
744 1223 952 1270 damnati
979 1224 1179 1271 crimine
1205 1224 1382 1271 mortiS.
1703 1247 1765 1278 430

339 1305 426 1335 nec
453 1305 563 1335 vero
588 1290 675 1335 hae
701 1289 801 1336 sine
827 1304 946 1338 sorte
971 1291 1121 1346 datae,
1147 1290 1247 1336 sine
1274 1290 1447 1347 iudice,
1476 1290 1603 1336 sedes
1629 1308 1639 1336 ;

338 1355 575 1417 quaesitor
601 1356 764 1402 Minos
791 1374 957 1403 urnam
984 1370 1142 1403 movet
1164 1377 1178 1413 ;
1214 1356 1295 1402 ille
1322 1356 1547 1403 silentum

340 1421 695 1485 conciliumque
722 1436 858 1470 vocat
883 1424 1094 1486 vitasque
1120 1437 1165 1469 et
1191 1423 1390 1469 crimina
1415 1423 1567 1470 discit.

339 1488 552 1563 proxima
577 1489 748 1536 deinde
775 1503 939 1537 tenent
964 1491 1128 1537 maesti
1156 1491 1272 1546 loca,
1300 1490 1381 1553 qui
1408 1490 1494 1536 sibi
1521 1490 1669 1537 letum

340 1555 545 1602 insontes
570 1573 795 1631 peperere
822 1574 980 1613 manu,
1008 1558 1261 1619 lucemque
1288 1556 1438 1619 perosi

339 1621 579 1683 proiecere
606 1623 797 1671 animas.
870 1640 1011 1687 quarn
1036 1624 1215 1670 vellent
1241 1624 1465 1670 aethere
1454 1641 1502 1669 1n
1531 1624 1626 1670 alto

340 1704 468 1734 nunc
497 1703 544 1735 et
567 1690 841 1751 pauperiem
868 1704 913 1737 et
938 1690 1076 1736 duros
1102 1691 1306 1752 perferre
1333 1691 1542 1737 labores!

339 1755 405 1800 fas
432 1755 600 1812 obstat,
627 1756 837 1818 tristique
863 1757 996 1818 palus
1022 1757 1289 1802 inamabilis
1314 1757 1439 1803 unda

341 1821 527 1881 adligat,
555 1834 601 1868 et
627 1823 821 1869 noviens
849 1824 963 1885 Styx
989 1823 1212 1869 interfusa
1239 1836 1439 1870 coercet.

409 1905 497 1934 nec
557 1890 721 1950 procul
783 1889 894 1937 hinc
953 1902 1134 1952 partem
1194 1890 1283 1937 fusi
1344 1903 1662 1937 monstrantur
1720 1889 1768 1935 in

477 1971 669 2002 omnem
1709 1981 1772 2011 440

343 2021 580 2082 Lugentes
609 2021 777 2085 Campi
802 2043 815 2079 3
851 2023 916 2069 sic
943 2023 1046 2069 illos
1074 2024 1267 2070 nomine
1293 2024 1476 2070 dicunt.

342 2087 438 2144 hic,
464 2105 576 2150 quos
602 2088 744 2135 durus
769 2107 899 2136 amor
924 2091 1103 2137 crudeli
1131 2091 1236 2138 tabe
1262 2091 1459 2152 peredit,

342 2155 507 2201 secreti
535 2155 694 2202 celant
720 2157 860 2203 calles
887 2171 932 2203 et
958 2170 1137 2233 myrtea
1164 2157 1344 2204 circum

343 2221 458 2267 silva
485 2222 636 2283 tegit:
675 2239 812 2270 curae
839 2241 933 2270 non
961 2224 1057 2286 ipsa
1078 2225 1127 2270 in
1154 2238 1302 2271 morte
1329 2224 1619 2286 relinquunt.

342 2287 412 2333 his
428 2288 685 2335 Phaedram
700 2291 1000 2353 Procrimque
1019 2291 1133 2337 locis
1139 2304 1478 2364 ‚maestamque
1491 2289 1769 2352 Eriphylen,

345 2354 548 2400 crudelis
575 2356 670 2402 nati
698 2371 1039 2404 monstrantem
1066 2358 1277 2414 vulnera,
1305 2356 1474 2412 cernit,

345 2420 690 2484 Euadnenque,
716 2436 763 2468 et
791 2423 1084 2485 Pasiphaen,
1120 2424 1191 2469 his
1216 2422 1471 2469 Laodamia

345 2487 381 2533 it
407 2503 579 2544 comes,
605 2501 651 2534 et
676 2488 857 2534 iuvenis
883 2489 1136 2551 quondam,
1165 2506 1292 2536 nunc
1320 2489 1511 2546 femina,
1539 2489 1772 2544 Caeneus,

345 2570 498 2599 rursus
523 2567 569 2600 et
594 2554 644 2600 in
670 2568 875 2601 veterem
903 2556 998 2601 fato
1022 2556 1231 2602 revoluta
1258 2556 1468 2616 figuram.

345 2619 469 2666 inter
494 2638 606 2683 quas
635 2621 885 2668 Phoenissa
910 2639 1070 2668 recens
1097 2640 1122 2668 a
1147 2623 1340 2669 vulnere
1367 2622 1495 2669 Dido
1711 2645 1774 2676 450

347 2687 528 2734 errabat
552 2687 667 2734 silva
693 2687 742 2734 in
769 2705 938 2750 magna
962 2707 972 2735 :
1010 2706 1151 2752 quam
1179 2689 1351 2736 Troius
1377 2691 1528 2746 heros,

681 2765 757 2815 438
789 2767 865 2803 fata
885 2767 1048 2804 obstant.
1105 2766 1222 2804 tristis
1242 2768 1376 2805 undae.
