1866 3208
556 227 833 264 AENEIDOS
864 226 969 266 LIB.
998 225 1104 264 VIII
1502 229 1581 278 265

149 337 301 385 auditi
326 336 540 383 referunt
564 333 812 394 gemitum,
840 334 1144 397 striduntque
1170 333 1383 380 cavernis
1522 360 1584 388 420

148 404 396 452 stricturae
425 401 716 462 Chalybum,
747 414 794 447 et
819 401 1092 448 fornacibus
1119 401 1240 462 ignis
1267 400 1473 457 anhelat,

147 469 358 518 Vulcani
385 469 570 525 domus,
599 481 646 514 et
671 467 913 514 Vulcania
938 468 1135 515 nomine
1162 468 1320 515 tellus·

147 540 241 584 huc
270 550 384 582 tunc
411 534 692 596 Ignipotens
721 535 853 581 caelo
879 535 1131 582 descendit
1158 535 1215 581 ab
1241 535 1354 582 alto.

147 605 326 650 ferrum
352 601 640 648 exercebant
664 615 796 647 vasto
826 602 1066 664 Cyclopes
1093 602 1144 648 in
1171 615 1324 659 antro,

147 671 446 731 Brontesque
469 669 787 731 Steropesque
815 681 860 714 et
887 669 1041 715 nudus
1068 669 1280 715 membra
1304 669 1583 730 Pyracmon.

147 737 216 783 his
242 736 554 782 informatum
581 735 799 781 manibus
827 735 921 782 iam
946 748 1081 798 parte
1107 736 1256 798 polita

145 804 328 850 fulmen
356 815 470 860 erat,
498 816 598 849 toto
627 802 832 848 Genitor
859 819 977 865 quae
1003 803 1210 865 plurima
1237 803 1370 849 caelo

143 869 289 917 deicit
313 869 364 916 in
392 884 549 926 terras,
575 887 679 932 pars
706 870 973 932 inperfecta
1000 870 1238 916 manebat.

142 952 232 984 tres
259 937 420 983 imbris
448 937 557 983 torti
586 936 750 994 radios,
782 949 872 982 tres
901 936 1040 982 nubis
1069 954 1269 1000 aquosae

140 1004 437 1061 addiderant,
460 1003 593 1050 rutili
622 1016 712 1050 tres
742 1003 862 1064 ignis
892 1018 938 1050 et
965 1004 1088 1050 alitis
1115 1003 1293 1050 Austri.
1523 1029 1586 1058 430

139 1072 343 1132 fulgores
371 1088 501 1117 nunc
533 1070 757 1118 terrificos
787 1070 1092 1134 sonitumque
1118 1084 1398 1133 metumque

138 1139 402 1185 miscebant
427 1137 575 1200 operi,
602 1137 901 1201 flammisque
929 1138 1206 1201 sequacibus
1234 1138 1336 1184 iras.

137 1219 268 1268 parte
296 1205 386 1252 alia
416 1205 564 1252 Marti
595 1222 885 1280 currumque
913 1218 1130 1268 rotasque
1157 1205 1371 1251 volucres

136 1264 390 1330 instabant,
419 1272 590 1335 quibus
619 1272 701 1318 ille
729 1272 868 1329 viros,
897 1272 1067 1335 quibus
1094 1272 1272 1319 excitat
1297 1272 1470 1326 urbes;

136 1340 392 1402 aegidaque
420 1339 718 1396 horriferam,
746 1340 963 1386 turbatae
992 1339 1194 1386 Palladis
1222 1356 1364 1396 arma,

137 1407 351 1453 certatim
380 1407 585 1469 squamis
612 1420 888 1481 serpentum
916 1423 1124 1469 auroque
1150 1406 1380 1469 polibant,

136 1490 436 1536 conexosque
466 1490 639 1534 angues
668 1474 913 1536 ipsamque
939 1474 989 1520 in
1017 1487 1208 1535 pectore
1234 1472 1366 1519 divae

136 1541 377 1602 Gorgona,
407 1540 596 1587 desecto
625 1554 892 1587 vertentem
920 1540 1105 1586 lumina
1131 1541 1270 1587 collo.

132 1607 284 1660 tollite
311 1607 515 1666 cuncta,’
542 1608 716 1671 inquit,
747 1613 758 1634 ‘
775 1621 1065 1670 coeptosque
1091 1608 1271 1654 auferte
1297 1607 1492 1664 labores,

131 1675 331 1722 Aetnaei
360 1675 613 1737 Cyclopes,
641 1689 687 1722 et
712 1676 808 1721 huc
835 1675 1063 1721 advertite
1090 1688 1302 1721 mentem
1327 1693 1337 1721 ε
1522 1701 1584 1729 440

134 1758 263 1788 arma
289 1741 384 1789 acri
413 1742 634 1788 facienda
661 1742 776 1789 viro.
851 1758 981 1788 nunc
1009 1741 1186 1788 viribus
1215 1759 1337 1798 usus,

131 1826 262 1856 nune
289 1809 507 1855 manibus
536 1809 721 1871 rapidis,
751 1809 881 1855 omni
909 1826 1040 1856 nunc
1067 1823 1165 1855 arte
1191 1809 1428 1870 magistra.

131 1876 441 1939 praecipitate
470 1875 650 1924 moras.'
725 1893 813 1923 nec
840 1876 977 1952 plura
1003 1877 1167 1923 effatus
1191 1897 1205 1934 ;
1242 1890 1287 1922 at
1313 1876 1383 1922 illi

131 1943 263 1990 ocius
288 1943 550 1991 incubuere
578 1961 742 1990 omnes
769 1944 1039 2007 pariterque
1066 1944 1277 1990 laborem

133 2010 298 2058 sortiti.
369 2010 476 2057 fluit
503 2028 576 2057 aes
606 2011 716 2056 rivis
745 2011 943 2075 aurique
971 2011 1240 2086 metallum,

132 2077 485 2140 vulnificusque
513 2078 706 2139 chalybs
735 2090 865 2123 vasta
893 2078 1086 2124 fornace
1113 2048 1354 2140 liquescit.

133 2144 379 2206 ingentem
407 2145 617 2207 clipeum
645 2144 922 2201 informant,
954 2161 1104 2191 unum
1131 2144 1291 2191 omnia
1319 2157 1485 2191 contra

134 2212 228 2258 tela
253 2212 549 2268 Latinorum,
581 2225 896 2275 septenosque
925 2211 1114 2257 orbibus
1141 2212 1275 2258 orbes

133 2279 402 2342 inpediunt.
475 2279 554 2326 alii
583 2279 792 2326 ventosis
821 2279 1014 2325 follibus
1042 2296 1173 2325 auras

134 2346 376 2409 accipiunt
401 2347 702 2410 redduntque
724 2365 739 2401 3
777 2346 855 2392 alii
884 2346 1129 2393 stridentia
1153 2346 1380 2407 tinguunt
1518 2370 1580 2398 450

136 2429 241 2459 aera
266 2414 372 2461 lacu
398 2432 409 2461 :
446 2414 594 2474 gemit
619 2413 835 2477 inpositis
863 2412 1118 2460 incudibus
1146 2427 1350 2461 antrum.

136 2479 208 2524 illi
233 2479 357 2527 inter
383 2498 480 2528 sese
505 2481 656 2528 multa
682 2481 728 2527 vi
757 2480 978 2528 bracchia
1007 2481 1185 2528 tollunt

136 2545 187 2591 in
214 2562 482 2604 numerum,
512 2561 790 2612 versantque
817 2547 974 2595 tenaci
1002 2548 1184 2611 forcipe
1210 2565 1422 2594 massam.

205 2613 320 2659 haec
347 2627 477 2675 pater
500 2615 678 2661 Aeoliis
704 2628 923 2677 properat
949 2615 1063 2661 dum
1091 2615 1320 2661 Lemnius
1345 2614 1449 2668 oris,

138 2679 415 2726 Euandrum
440 2697 497 2727 ex
523 2681 694 2727 humili
723 2695 852 2728 tecto
879 2682 961 2728 lux
988 2682 1184 2729 suscitat
1210 2682 1332 2727 alma

557 2772 633 2810 423
665 2761 750 2801 hoc.
861 2773 938 2810 443
969 2770 1007 2799 et
1028 2761 1096 2800 ini.
