1861 3256
0 111 1 114 Α
0 0 22 76 ,ΑΝᾹ

594 281 870 319 AENEIDOS
901 282 1005 320 LIB.
1035 282 1077 319 V
1511 285 1579 322 181

146 394 229 441 dat
256 408 455 440 numero
481 390 637 453 capita
663 390 713 435 in
741 406 915 436 naves·
902 427 916 447 ,
955 390 1179 437 adhibete
1207 389 1409 436 Penates

149 474 196 508 et
221 460 396 524 patrios
428 458 578 533 epulis
607 469 654 504 et
679 473 795 520 quos
822 457 938 503 colit
964 459 1134 520 hospes
1159 458 1372 503 Acestes.

146 540 406 591 praeterea,
434 525 469 571 si
497 541 624 570 nona
650 523 780 570 diem
807 524 1086 570 mortalibus
1115 525 1293 570 almum

145 595 330 640 Aurora
356 590 580 639 extulerit
606 590 846 653 radiisque
872 591 1100 637 retexerit
1125 591 1305 648 orbem,

146 660 299 724 prima
325 659 446 706 citae
474 657 678 704 Teucris
705 674 883 720 ponam
911 658 1172 704 certamina
1199 656 1385 704 classis·
1373 693 1386 713 ,

147 727 325 791 quique
349 725 529 788 pedum
556 741 693 771 cursu
720 725 863 781 valet,
893 737 939 770 et
966 723 1046 787 qui
1072 724 1251 770 viribus
1278 724 1430 770 audax

147 807 228 840 aut
253 793 409 839 iaculo
436 791 620 838 incedit
647 791 817 838 melior
843 791 1125 866 levibusque
1151 790 1346 851 sagittis,

148 878 228 907 seu
255 860 401 907 crudo
428 859 533 905 fidit
559 875 768 922 pugnam
797 858 1100 905 committere
1126 871 1302 915 caestu,

148 927 311 975 cuncti
339 926 510 985 adsint,
528 926 824 988 meritaeque
846 937 1128 988 exspectent
1153 924 1362 987 praemia
1388 924 1588 986 palmae.

148 1012 227 1041 ore
253 994 411 1041 favete
437 1011 618 1051 omnes,
648 1006 695 1039 et
722 993 902 1053 cingite
931 1005 1145 1054 tempora
1172 991 1345 1037 ramis?
1552 1014 1589 1043 71

215 1061 280 1108 sic
308 1061 431 1107 fatus
457 1061 584 1107 velat
609 1073 826 1106 materna
855 1072 1070 1122 tempora
1097 1072 1268 1121 myrto.

150 1130 240 1175 hoc
268 1128 503 1190 Helymus
530 1127 662 1185 facit,
689 1128 781 1173 hoc
810 1126 911 1172 aevi
940 1139 1149 1172 maturus
1176 1127 1386 1182 Acestes,

149 1197 239 1242 hoc
266 1212 384 1258 puer
408 1194 657 1252 Ascanius,
687 1193 902 1257 sequitur
929 1211 1044 1256 quos
1072 1205 1229 1239 cetera
1254 1192 1420 1255 pubes,

150 1263 232 1310 ille
259 1279 284 1309 e
309 1262 516 1309 concilio
542 1261 705 1308 multis
733 1278 843 1308 cum
870 1261 1062 1307 milibus
1089 1260 1188 1306 ibat

151 1330 210 1376 ad
236 1329 489 1388 tumulum,
517 1346 687 1390 magna
715 1328 900 1374 medius
928 1327 1191 1374 comitante
1219 1338 1423 1373 caterva.

150 1396 231 1443 hic
257 1396 351 1442 duo
377 1396 467 1442 rite
493 1412 624 1442 mero
650 1395 804 1441 libans
832 1394 1073 1442 carchesia
1101 1394 1293 1440 Baccho

152 1463 314 1510 fundit
338 1463 489 1521 humi,
517 1463 611 1508 duo
638 1463 761 1509 lacte
789 1479 929 1519 novo,
958 1461 1052 1507 duo
1079 1460 1307 1521 sanguine
1335 1476 1481 1516 sacr0,

153 1546 509 1594 purpureosque
536 1529 650 1576 iacit
676 1528 829 1587 floreS,
858 1545 911 1575 ac
940 1528 1051 1574 talia
1078 1528 1233 1573 fatur:

153 1598 294 1655 salve,
322 1610 484 1644 sancte
508 1613 694 1659 parens,
722 1596 929 1642 iterum·
917 1632 930 1652 ,
969 1595 1162 1652 salvete,
1190 1593 1371 1655 recepti
1556 1607 1596 1638 80

92 1717 93 1723 1
154 1681 446 1727 nequqUam
473 1663 671 1721 Cineres,
701 1662 988 1725 animaeque
1014 1662 1308 1727 UmbraCQUC
1332 1673 1576 1723 paternae.

154 1748 251 1778 non
278 1730 416 1777 licuit
442 1731 558 1776 fines
586 1701 731 1775 Italos
759 1729 1019 1803 fataliaque
1046 1746 1169 1785 arv‚a

152 1815 241 1845 nec
302 1811 462 1844 tecum
522 1796 806 1855 Ausonium,
866 1795 1160 1859 quicumque
1223 1807 1307 1852 est,
1369 1810 1594 1856 quaerere

287 1862 560 1927 Thybrim.’

153 1932 337 1979 dixerat
362 1933 496 1989 haec,
524 1931 677 1993 adytis
704 1947 815 1978 cum
841 1930 1053 1977 lubricus
1081 1928 1245 1991 anguis
1272 1929 1330 1975 ab
1356 1928 1463 1975 imis

154 2013 336 2062 septem
361 1999 528 2060 ingens
554 2015 705 2061 gyros,
734 2011 931 2061 septena
957 1997 1205 2044 volumina
1234 1995 1392 2054 traxit,

154 2067 399 2129 amplexus
425 2065 614 2128 placide
642 2067 899 2123 tumulum,
927 2065 1183 2128 lapsusque
1207 2081 1293 2126 per
1319 2080 1449 2118 aras;

155 2134 400 2181 caeruleae
427 2133 503 2180 cui
531 2146 659 2194 terga
687 2146 846 2191 notae,
875 2133 1143 2178 maculosus
1171 2143 1218 2178 et
1245 2147 1358 2176 auro

154 2217 397 2263 squamam
423 2199 716 2246 incendebat
742 2200 914 2260 fulgor,
943 2216 1031 2246 ceu
1061 2198 1267 2245 nubibus
1294 2213 1427 2244 arcus

154 2267 286 2314 mille
312 2267 426 2314 iacit
451 2267 603 2313 varios
630 2266 825 2313 adverso
853 2267 951 2313 sole
979 2266 1176 2313 coloreS.

156 2334 387 2397 obstipuit
412 2334 514 2380 visu
539 2335 726 2380 Aeneas
747 2353 757 2381 ε
797 2333 879 2380 ille
907 2333 1096 2394 agmine
1122 2334 1266 2393 longo
1557 2353 1599 2384 90

158 2401 351 2448 tandem
376 2401 503 2448 inter
527 2415 712 2464 pateras
740 2414 786 2448 et
813 2401 937 2447 levia
963 2401 1136 2463 pocula
1163 2416 1354 2461 serpens

158 2465 418 2530 libavitque
444 2468 602 2531 dapes,
630 2485 882 2531 rursusque
909 2467 1135 2514 innoxius
1161 2466 1260 2512 imo

160 2534 382 2580 successit
407 2536 607 2593 tumulo,
636 2549 684 2581 et
709 2535 904 2598 depasta
931 2534 1096 2580 altaria
1122 2533 1282 2596 liquit.

159 2600 252 2646 hoc
278 2600 421 2660 magis
447 2601 663 2664 inceptos
689 2602 894 2663 genitori
922 2602 1154 2648 instaurat
1179 2602 1400 2656 honores,

160 2665 386 2723 incertuS‚
414 2667 694 2715 Geniumne
721 2669 814 2715 loci
842 2669 1143 2715 famulumne
1170 2666 1380 2730 parentis

161 2750 259 2779 esse
285 2745 452 2795 putet:
491 2734 647 2781 caedit
669 2735 807 2781 binas
833 2736 892 2782 de
919 2752 1050 2781 more
1077 2734 1313 2789 bidentes,

742 2813 791 2862 89
822 2813 953 2851 trahit.
