1861 3256
275 261 329 300 70

728 249 772 286 P.
801 246 1036 285 VERGILI
1067 247 1322 285 MARONIS

340 368 421 402 aut
448 368 575 402 tecto
599 354 816 400 adsuetus
844 353 1038 399 coluber
1063 354 1313 401 succedere
1339 366 1385 400 et
1412 353 1622 412 umbrae,

339 421 481 484 pestis
507 420 672 467 acerba
696 419 856 476 boum,
882 420 1137 483 pecorique
1163 421 1430 483 adspergere
1455 419 1597 476 virus,

341 487 458 534 fovit
482 489 701 532 humum.
772 502 886 547 cape
912 503 1016 532 saxa
1044 504 1206 543 manu,
1231 503 1344 549 cape
1370 486 1548 543 robora,
1574 499 1740 548 pastor,

339 554 686 614 tollentemque
712 551 860 597 minas
887 564 934 598 et
959 553 1094 600 sibila
1121 554 1243 600 colla
1269 565 1536 599 tumentem
1704 578 1763 608 421

340 619 488 666 deice.
558 617 746 680 iamque
773 619 883 678 fuga
910 618 1135 665 timidum
1162 632 1304 682 caput
1330 618 1509 665 abdidit
1535 619 1644 676 alte,

340 701 451 732 cum
475 684 622 731 medii
649 701 798 730 nexus
825 698 1158 748 extremaeque
1186 685 1369 746 agmina
1395 685 1569 731 caudae

340 752 600 809 solvuntur,
629 751 875 813 tardosque
902 752 1044 798 trahit
1071 753 1198 798 sinus
1225 751 1421 798 ultimus
1445 751 1593 798 orbes.

341 830 409 864 est
434 816 576 864 etiam
602 817 684 864 ille
711 818 862 864 malus
889 817 1102 864 Calabris
1130 818 1179 864 in
1208 818 1401 864 saltibus
1428 817 1607 878 anguis,

340 900 562 946 squamea
587 884 877 930 convolvens
903 885 1087 931 sublato
1114 897 1303 947 pectore
1330 897 1456 946 terga

340 964 480 1013 atque
507 950 630 996 notis
656 951 846 1011 longam
872 951 1140 998 maculosus
1166 951 1417 1012 grandibus
1445 951 1617 1007 alvum,

341 1018 438 1079 qui,
465 1016 579 1062 dum
606 1033 766 1063 amnes
792 1017 879 1063 ulli
906 1031 1195 1079 rumpuntur
1221 1017 1430 1064 fontibus
1456 1030 1501 1063 et
1525 1017 1639 1063 dum

340 1099 450 1130 vere
476 1083 669 1129 madent
696 1083 790 1129 udo
815 1095 961 1130 terrae
988 1100 1040 1130 ac
1067 1084 1355 1146 pluvialibus
1378 1083 1577 1139 Austris,

342 1162 503 1210 stagna
529 1149 659 1207 colit,
686 1149 892 1212 ripisque
918 1150 1136 1196 habitans
1162 1151 1239 1197 hic
1266 1150 1474 1212 piscibus
1500 1163 1648 1196 atram
1706 1174 1770 1204 430

341 1216 566 1278 inprobus
592 1215 852 1276 ingluviem
878 1217 1095 1279 ranisque
1123 1217 1398 1279 loquacibus
1425 1217 1585 1279 explet
1608 1237 1621 1273 ;

341 1296 589 1346 postquam
615 1294 778 1328 exusta
803 1282 951 1344 palus,
981 1295 1226 1345 terraeque
1253 1283 1412 1328 ardore
1438 1283 1705 1338 dehiscunt,

342 1350 499 1396 exsilit
524 1349 574 1395 in
600 1348 779 1395 siccum
806 1361 852 1395 et
878 1348 1166 1394 flammantia
1192 1349 1373 1395 lumina
1398 1362 1618 1411 torquens

342 1415 488 1463 saevit
513 1416 645 1476 agriS,
672 1432 897 1478 asperque
924 1415 1000 1461 siti
1027 1428 1168 1477 atque
1195 1415 1442 1461 exterritus
1467 1428 1613 1463 aestu.

341 1499 402 1529 ne
427 1482 544 1528 mihi
572 1495 673 1528 tum
699 1482 863 1528 molles
891 1481 975 1528 sub
1003 1481 1112 1527 divo
1138 1498 1327 1544 carpere
1354 1498 1538 1528 somnos

343 1565 436 1596 neu
463 1549 597 1595 dorso
622 1548 825 1595 nemoris
854 1548 996 1595 libeat
1023 1547 1220 1594 iacuisse
1245 1565 1328 1610 per
1352 1549 1535 1606 herbas,

341 1633 452 1663 curn
476 1615 638 1677 positis
665 1632 812 1662 novus
841 1615 1019 1661 exuviis
1047 1614 1322 1677 nitidusque
1348 1615 1542 1661 iuventa

340 1682 565 1739 volvitur,
590 1695 670 1728 aut
696 1682 878 1728 catulos
905 1681 1040 1727 tectis
1066 1694 1147 1728 aut
1172 1698 1257 1728 ova
1282 1681 1570 1744 relinquens,

342 1749 511 1795 arduus
537 1748 596 1794 ad
621 1748 766 1794 solem
794 1761 841 1794 et
866 1747 1040 1808 linguis
1068 1748 1212 1794 micat
1237 1765 1314 1794 ore
1341 1747 1559 1795 trisulcis.

409 1815 680 1862 morborum
705 1831 895 1877 quoque
922 1827 966 1861 te
993 1831 1153 1861 causas
1179 1827 1225 1860 et
1250 1814 1380 1874 signa
1405 1814 1601 1861 docebo.
1708 1839 1772 1869 440

343 1881 490 1943 turpis
515 1898 623 1928 oves
648 1894 845 1942 temptat
871 1881 1066 1938 scabies,
1093 1880 1172 1927 ubi
1199 1881 1393 1942 frigidus
1419 1880 1571 1927 imber

343 1948 482 1995 altius
508 1948 565 1994 ad
589 1948 751 1995 vivum
778 1948 983 2010 persedit
1009 1961 1054 1994 et
1080 1947 1264 1994 horrida
1290 1964 1410 1993 cano

343 2015 508 2062 bruma
532 2015 658 2076 gelu,
685 2015 759 2061 vel
788 2031 899 2061 cum
925 2015 1067 2061 tonsis
1093 2014 1270 2060 inlotus
1296 2014 1503 2060 adhaesit

343 2082 482 2128 sudor
507 2095 553 2128 et
578 2081 745 2128 hirsuti
773 2094 1027 2128 secuerunt
1052 2097 1247 2143 corpora
1269 2097 1450 2142 vepres.

343 2148 560 2195 dulcibus
587 2148 764 2195 idcirco
790 2147 945 2194 fluviis
970 2165 1113 2210 pecus
1138 2163 1278 2194 omne
1304 2146 1508 2208 magistri

344 2215 657 2278 perfundunt,
682 2215 882 2278 udisque
909 2215 1024 2261 aries
1050 2214 1098 2260 in
1125 2214 1308 2275 gurgite
1334 2213 1457 2259 villis

346 2294 570 2328 mersatur
595 2282 856 2356 missusque
883 2281 1092 2328 secundo
1116 2280 1283 2327 defluit
1308 2279 1435 2326 amni
1458 2300 1472 2336 ;

346 2361 423 2394 aut
449 2361 640 2394 tonsum
667 2348 785 2395 tristi
813 2348 1099 2408 contingunt
1125 2363 1290 2409 corpus
1316 2362 1506 2392 amurca

347 2427 394 2462 et
419 2431 603 2477 spumas
629 2414 831 2460 miscent
858 2413 1038 2474 argenti
1064 2413 1262 2487 vivaque
1287 2413 1476 2474 sulpura

345 2481 601 2543 Idaeasque
626 2480 754 2543 pices
780 2492 827 2527 et
853 2480 1049 2542 pingues
1077 2479 1286 2540 unguine
1312 2495 1436 2525 ceras
1707 2503 1770 2534 450

345 2547 622 2609 scillamque
649 2546 975 2620 elleborosque
1001 2562 1158 2606 graves
1186 2545 1467 2608 nigrumque
1493 2545 1728 2594 bitumen.

347 2630 444 2661 non
470 2626 631 2660 tamen
657 2613 754 2659 ulla
779 2612 923 2673 magis
950 2629 1164 2675 praesens
1190 2613 1380 2658 fortuna
1405 2612 1619 2659 laborum
1645 2626 1727 2671 est,

492 2701 569 2739 422
600 2702 775 2739 namque.
884 2701 964 2738 434
991 2689 1188 2726 exercitus.
1296 2700 1373 2738 443
1405 2688 1562 2728 inlutus.

808 2754 886 2792 449
917 2750 954 2780 et
974 2744 1125 2793 sulpura
1145 2742 1244 2781 viva.
