1866 3208
379 338 572 385 sustulit
596 339 689 385 alta
712 350 879 400 petens
904 337 1101 400 pedibus
1128 339 1253 386 Iovis
1280 339 1481 401 armiger
1506 339 1658 398 uncis,

377 404 648 468 quaesitum
675 416 755 450 aut
780 404 918 450 matri
945 405 1106 453 multis
1131 406 1364 454 balatibus
1389 423 1562 467 agnum

380 471 588 517 Martius
613 488 638 516 a
664 470 858 516 stabulis
885 472 1043 534 rapuit
1066 473 1222 537 lupus.
1294 472 1505 536 undique
1530 474 1711 522 clamor

377 537 600 593 tollitur3
635 536 872 584 invadunt
898 551 946 585 et
971 539 1111 587 fossas
1137 556 1299 601 aggere
1325 540 1606 602 complent3

376 603 592 649 ardentes
619 603 773 650 taedas
800 604 880 650 alii
908 605 966 651 ad
991 605 1175 667 fastigia
1199 606 1392 654 iactant.

376 669 586 716 Ilioneus
613 687 721 716 saxo
743 683 884 734 atque
910 671 1094 733 ingenti
1120 673 1352 734 fragmine
1377 673 1554 720 montis

376 736 633 782 Lucetium
658 750 821 799 portae
847 738 1131 786 subeuntem
1158 740 1385 803 ignesque
1411 740 1663 798 ferentem,
1746 764 1809 798 ⁵70

375 802 663 849 Emathiona
689 804 845 865 Liger,
875 805 1178 866 Corynaeum
1204 807 1370 852 sternit
1395 806 1565 864 Asilas,

372 869 451 916 hic
477 868 631 916 iaculo
657 870 824 929 bonus,
850 871 930 918 hic
957 872 1100 934 longe
1128 873 1321 919 fallente
1347 873 1548 934 sagitta3

375 936 632 997 Ortygium
660 937 894 996 Caeneus,
922 938 1156 986 victorem
1184 939 1376 986 Caenea
1403 940 1618 998 Turnus,
1864 982 1866 996 ,

374 1002 570 1049 Turnus
597 1004 707 1065 Ityn
736 1004 1080 1067 Cloniumque,
1107 1006 1408 1069 Dioxippum
1436 1006 1804 1071 Promolumque
1865 1052 1866 1056 ,

374 1082 419 1115 et
446 1069 652 1129 Sagarim
677 1083 724 1116 et
749 1071 944 1117 summis
971 1084 1170 1118 stantem
1194 1090 1279 1135 pro
1304 1072 1508 1120 turribus
1534 1074 1651 1120 Idan
1673 1093 1688 1130 ;

374 1135 654 1183 Privernum
674 1137 849 1199 CapyS.
919 1138 1050 1185 hunc
1070 1139 1223 1201 primo
1244 1140 1358 1186 levis
1379 1141 1508 1186 hasta
1527 1139 1802 1186 Themillae

371 1202 620 1249 strinxerat
644 1221 655 1250 z
693 1203 774 1250 ille
802 1221 999 1250 manum
1024 1205 1235 1268 proiecto
1261 1206 1471 1267 tegmine
1495 1206 1690 1253 demens

371 1269 428 1314 ad
452 1270 624 1316 vulnus
652 1271 763 1317 tulit
787 1290 800 1327 ;
839 1287 949 1332 ergo
975 1272 1060 1318 alis
1084 1273 1271 1334 adlapsa
1297 1273 1478 1333 sagitta,

371 1348 417 1382 et
443 1335 576 1382 laevo
603 1337 748 1383 infixa
777 1351 845 1384 est
873 1338 1009 1384 lateri
1037 1355 1219 1395 manu5‚
1244 1339 1498 1402 abditaque
1522 1339 1654 1386 intus

370 1402 653 1464 spiramenta
677 1404 860 1451 animae
889 1405 1020 1451 letali
1041 1406 1236 1452 vulnere
1261 1405 1404 1469 rupit.
1741 1420 1804 1461 580
1864 1461 1866 1470 Ι

370 1469 519 1516 stabat
545 1470 593 1516 in
621 1471 818 1532 egregiis
844 1471 1065 1518 Arcentis
1092 1472 1214 1518 filius
1239 1472 1391 1531 armis,

367 1536 522 1598 pictus
548 1555 632 1584 acu
661 1538 964 1599 chlamydem
992 1552 1040 1585 et
1065 1539 1302 1600 ferrugine
1329 1539 1481 1586 clarus
1502 1539 1701 1597 Hibera,

367 1603 563 1664 insignis
591 1604 722 1660 facie,
751 1605 937 1666 genitor
964 1622 1107 1668 quem
1135 1606 1323 1653 miserat
1345 1607 1540 1664 Arcens,

368 1670 592 1716 eductum
622 1672 793 1718 Matris
821 1672 931 1719 luco
961 1673 1230 1735 Symaethia
1254 1673 1433 1719 circum

366 1735 578 1794 flumina,
605 1737 794 1798 pinguis
822 1739 901 1785 ubi
930 1752 976 1786 et
1001 1739 1248 1801 placabilis
1273 1756 1350 1785 ara
1376 1738 1523 1786 Palici
1548 1757 1559 1786 ε

366 1802 646 1850 stridentem
671 1804 870 1851 fundam
899 1805 1062 1867 positis
1090 1805 1364 1852 Mezentius
1387 1805 1531 1852 hastis

365 1869 464 1931 ipse
491 1882 561 1916 ter
587 1871 789 1917 adducta
816 1871 998 1918 circum
1024 1885 1169 1934 caput
1196 1872 1289 1933 egit
1314 1872 1512 1929 habena,

365 1949 411 1982 et
436 1936 592 1982 media
619 1937 795 1984 adversi
826 1938 1088 2000 liquefacto
1115 1951 1321 2000 tempora
1346 1939 1547 2001 plumbo

364 2002 549 2060 diffidit,
575 2020 627 2050 ac
655 2005 804 2051 multa
832 2018 1105 2066 porrectum
1131 2005 1345 2051 extendit
1370 2007 1561 2052 harena.

433 2082 534 2116 tum
560 2070 765 2132 primum
794 2071 923 2117 bello
951 2071 1153 2118 celerem
1180 2071 1440 2118 intendisse
1466 2071 1682 2133 sagittam
1732 2095 1796 2128 590

363 2136 554 2193 dicitur,
580 2149 687 2183 ante
714 2138 830 2184 feras
858 2138 1021 2184 solitus
1048 2151 1218 2184 terrere
1245 2138 1443 2199 fugaces,

361 2204 606 2262 Ascanius,
633 2205 903 2267 fortemque
931 2221 1073 2251 manu
1101 2205 1275 2251 fudisse
1302 2205 1599 2262 Numanum,

363 2269 439 2315 cui
467 2270 673 2316 Remulo
701 2287 967 2332 cognomen
995 2285 1108 2330 erat,
1135 2271 1389 2334 Turnique
1415 2270 1649 2317 minorem

360 2352 632 2395 germanam
660 2354 812 2399 nuper
839 2338 1047 2384 thalamo
1073 2338 1274 2384 sociatus
1299 2337 1515 2384 habebat.

360 2401 396 2447 is
418 2403 616 2464 primam
643 2417 750 2450 ante
779 2404 927 2451 aciem
952 2404 1095 2465 digna
1120 2417 1260 2466 atque
1287 2403 1480 2464 indigna
1504 2404 1653 2451 relatu

359 2469 621 2516 vociferans
649 2470 952 2533 tumidusque
979 2487 1103 2516 novo
1126 2470 1400 2532 praecordia
1425 2486 1569 2531 regno

359 2535 455 2582 ibat
481 2548 528 2583 et
554 2535 798 2597 ingentem
824 2553 922 2583 sese
948 2537 1154 2583 clamore
1181 2537 1360 2583 ferebat
1384 2555 1395 2583 ε

327 2606 340 2627 ‘
360 2619 455 2648 non
481 2602 629 2665 pudet
655 2603 901 2650 obsidione
926 2603 1101 2649 iterum
1126 2603 1348 2666 valloque
1373 2603 1540 2662 teneri,

359 2668 426 2715 bis
453 2669 578 2732 capti
608 2669 827 2732 Phryges,
855 2683 902 2717 et
925 2669 1066 2717 morti
1092 2670 1401 2732 praetendere
1427 2674 1621 2718 muros?

907 2747 984 2798 584.
1013 2747 1166 2787 Martis.

316 242 394 281 290
766 230 809 271 P.
839 231 1074 270 vanem
1103 232 1363 272 MARoms
1856 0 1866 390 Ι

1861 395 1866 471 !

1861 499 1866 612 ἰ

1862 667 1866 729 l

1863 770 1866 798 Ι
