1861 3256
275 296 346 335 182
726 293 769 330 P.
798 292 1032 331 VERGILI
1063 295 1323 333 MARONIS

341 412 504 463 totque
530 417 647 457 sues,
675 399 876 446 totidem
903 400 1140 462 nigrantes
1168 415 1294 463 terga
1320 402 1576 458 iuvenc0s;

339 466 543 528 vinaque
570 466 802 511 fundebat
827 467 1016 528 pateris,
1043 468 1345 531 animamque
1371 468 1570 514 vocabat

338 531 575 579 Anchisae
601 531 758 592 magni
788 533 1055 597 Manesque
1079 536 1355 582 Acheronte
1381 533 1611 582 remissos.

341 615 428 644 nec
456 614 552 642 non
580 610 626 642 et
652 597 782 657 socii,
810 616 930 662 quae
956 601 1129 664 cuique
1156 614 1225 647 est
1250 601 1402 663 copia,
1428 600 1541 647 laeti
1703 626 1763 648 100

339 665 463 710 dona
488 663 664 722 ferunt,
691 679 892 712 onerant
919 684 1031 725 aras,
1058 680 1364 729 mactantque
1391 667 1645 714 iuvencos:

339 729 507 776 ordine
532 738 647 776 aena
673 731 835 778 locant
862 733 957 790 alii,
986 734 1171 796 fusique
1196 750 1281 796 per
1305 733 1502 779 herbam

338 795 579 842 subiciunt
603 797 790 844 veribus
815 816 1005 861 prunas,
1033 813 1080 846 et
1104 800 1281 846 viscera
1309 812 1505 846 torrent.

405 876 674 924 exspectata
699 864 799 911 dies
826 865 1003 924 aderat,
1031 883 1301 928 nonamque
1328 882 1491 912 serena

335 929 567 975 Auroram
596 929 905 978 Phaethontis
933 932 1040 995 equi
1067 932 1161 979 iam
1186 933 1292 979 luce
1317 932 1572 990 vehebant,

336 995 555 1058 famaque
583 995 809 1043 finitimos
837 1011 884 1044 et
910 999 1023 1044 clari
1051 1016 1227 1045 nomen
1252 1000 1456 1045 Acestae

336 1061 571 1108 excierat:
610 1063 734 1109 laeto
760 1064 1067 1126 complebant
1093 1066 1230 1111 litora
1257 1079 1413 1123 coetu,

334 1127 477 1174 visuri
504 1129 769 1187 Aeneadas,
795 1147 900 1193 pars
928 1143 975 1177 et
1000 1145 1180 1178 certare
1205 1132 1371 1194 parati.

334 1211 529 1241 munera
556 1195 794 1258 principio
820 1210 932 1244 ante
958 1198 1117 1244 oculos
1145 1198 1365 1261 circoque
1391 1198 1610 1244 locantur

334 1261 383 1307 in
410 1262 583 1319 medio,
611 1262 725 1308 sacri
755 1263 962 1326 tripodes
987 1264 1257 1327 viridesque
1283 1281 1484 1311 coronae
1704 1289 1763 1311 110

335 1340 382 1374 et
406 1328 591 1390 palmae
616 1329 824 1391 pretium
851 1330 1124 1388 victoribus,
1152 1348 1389 1394 armaque,
1417 1344 1464 1378 et
1489 1344 1614 1378 ostro

332 1394 549 1457 perfusae
575 1408 742 1453 vestes,
770 1397 950 1457 argenti
979 1397 1174 1459 aurique
1201 1397 1409 1443 talenta:

334 1474 380 1507 et
407 1461 518 1507 tuba
544 1462 816 1509 commissos
844 1463 1003 1509 medio
1030 1463 1160 1509 canit
1186 1480 1349 1524 aggere
1375 1463 1526 1511 ludos,

331 1528 483 1590 prima
508 1546 641 1591 pares
668 1529 839 1576 ineunt
864 1529 1080 1590 gravibus
1108 1530 1368 1576 certamina
1394 1530 1546 1589 remis,

332 1607 556 1657 quattuor
582 1613 638 1642 ex
663 1596 795 1642 omni
822 1597 1039 1643 delectae
1065 1597 1209 1643 classe
1236 1596 1454 1644 carinae:

330 1662 545 1708 velocem
574 1663 859 1709 Mnestheus
887 1662 981 1723 agit
1008 1663 1102 1709 acri
1129 1663 1304 1724 remige
1334 1663 1540 1720 Pristim,

330 1745 439 1774 mox
467 1729 612 1774 Italus
641 1729 944 1786 Mnestheus,
965 1745 1113 1790 genus
1140 1747 1164 1775 a
1190 1746 1284 1792 quo
1310 1729 1506 1775 nomine
1534 1729 1757 1787 Memmi,

329 1794 671 1858 ingentemque
699 1796 828 1856 Gyas
855 1795 1040 1856 ingenti
1067 1796 1193 1842 mole
1221 1795 1542 1853 Chimaeram,

330 1861 456 1908 urbis
483 1878 614 1923 opus,
643 1861 818 1924 triplici
846 1863 995 1924 pubes
1023 1879 1163 1925 quam
1190 1862 1414 1908 Dardana
1440 1879 1574 1908 versu

329 1927 585 1990 inpellunt,
614 1941 750 1974 terno
777 1942 1068 1989 consurgunt
1094 1928 1261 1975 ordine
1287 1928 1437 1983 remi3
1698 1953 1758 1975 120

330 1995 680 2057 Sergestusque‚
707 1995 874 2041 domus
903 2008 1037 2041 tenet
1063 2013 1087 2041 a
1113 2012 1206 2059 quo
1234 1995 1391 2056 Sergia
1419 2011 1611 2053 nomen,

329 2060 574 2107 Centauro
601 2061 846 2108 invehitur
871 2078 1054 2122 magna,
1084 2062 1332 2124 Scyllaque
1361 2062 1627 2108 Cloanthus

327 2127 557 2185 caerulea,
583 2144 730 2188 genus
757 2128 884 2174 unde
912 2128 1014 2185 tibi,
1043 2129 1257 2174 Romane
1286 2127 1503 2175 Cluenti.

395 2207 463 2240 est
487 2195 654 2256 procul
681 2194 730 2240 in
756 2195 923 2257 pelago
951 2212 1113 2241 saxum
1138 2195 1405 2257 spumantia
1431 2207 1597 2241 contra

326 2260 479 2317 litora,
506 2262 633 2323 quod
659 2261 853 2307 tumidis
880 2262 1175 2308 submersum
1203 2261 1421 2307 tunditur
1445 2260 1560 2307 olim

326 2325 563 2384 fluctibus,
591 2327 780 2373 hiberni
808 2328 1025 2374 condunt
1052 2327 1132 2374 ubi
1159 2327 1309 2373 sidera
1336 2326 1482 2382 Cori3

327 2393 583 2455 tranquillo
610 2394 731 2451 silet,
760 2394 1039 2457 inmotaque
1065 2393 1300 2439 attollitur
1325 2393 1452 2439 unda

326 2475 518 2521 campus
545 2472 591 2504 et
618 2460 786 2521 apricis
814 2460 953 2505 statio
978 2459 1240 2520 gratissima
1265 2458 1451 2520 mergis.

326 2525 402 2572 hic
428 2525 630 2572 viridem
655 2527 840 2572 Aeneas
867 2525 1112 2572 frondenti
1141 2542 1197 2572 ex
1223 2525 1332 2572 ilice
1358 2538 1534 2572 metam

325 2591 574 2650 constituit
600 2591 785 2652 signum
813 2592 966 2638 nautis
991 2604 1142 2654 pater,
1169 2592 1296 2638 unde
1322 2592 1494 2638 reverti
1694 2616 1755 2648 130

325 2658 500 2705 scirent
527 2671 573 2704 et
598 2658 762 2719 longos
790 2658 868 2704 ubi
896 2658 1274 2705 circumflectere
1300 2675 1476 2705 cursuS.

326 2726 426 2771 t‘um
453 2725 557 2771 loca
583 2737 706 2771 sorte
732 2725 913 2785 legunt,
941 2725 1126 2788 ipsique
1152 2725 1202 2771 in
1228 2724 1466 2787 puppibus
1492 2741 1605 2772 auro

651 2813 722 2848 107
754 2804 1000 2850 complerant.
1063 2813 1134 2838 112
1165 2803 1367 2839 talentum.
