1866 3208
522 210 800 248 AENEIDos
831 210 935 249 LIB.
965 209 1072 248 vm
1475 222 1549 260 271

118 335 339 366 consessu
366 334 553 375 caveae,
580 317 762 378 magnis
792 317 1099 365 Circensibus
1126 318 1257 376 actis,

118 386 381 443 addiderat,
408 384 662 447 subitoque
689 401 869 431 novum
896 402 1176 446 consurgere
1202 384 1386 431 bellum

119 452 391 499 Romulidis
418 451 664 514 Tatioque
691 451 792 497 seni
821 452 1126 515 Curibusque
1153 451 1340 498 severis·

116 532 222 582 post
247 518 376 564 idem
402 517 529 564 i'nter
554 535 602 564 se
626 518 782 580 posito
809 519 1073 566 certamine
1098 536 1228 580 reges

118 585 283 632 armati
309 584 436 632 Iovis
464 598 575 632 ante
601 602 728 631 aram
755 599 1034 648 paterasque
1063 599 1282 633 tenentes
1498 600 1560 639 640

119 653 307 700 stabant
334 665 381 699 et
407 670 540 699 caesa
565 652 830 713 iungebant
857 653 1049 699 foedera
1074 671 1232 716 porca.

118 720 246 766 haud
269 720 436 782 procul
464 719 579 766 inde
605 720 728 765 citae
758 720 977 766 Mettum
1003 720 1054 766 in
1081 721 1264 767 diversa
1290 719 1542 783 quadrigae

119 787 523 834 distulerant—at
550 799 600 833 tu
627 786 784 845 dictis,
811 787 1016 845 Albane,
1042 805 1257 834 maneres
1282 788 1364 835 l—

118 854 433 917 raptabatque
459 854 547 900 viri
574 854 819 900 mendacis
845 854 1025 900 viscera
1052 855 1232 901 Tullus

117 939 202 984 per
226 921 408 979 silvam,
438 934 485 967 et
510 921 652 983 sparsi
681 922 907 968 rorabant
933 922 1162 982 sanguine
1187 939 1368 984 vepres.

120 1005 210 1035 nec
238 1006 336 1034 non
363 988 690 1051 Tarquinium
717 988 929 1035 eiectum
958 989 1201 1035 Porsenna
1227 989 1425 1034 iubebat

119 1055 355 1118 accipere,
380 1055 666 1119 ingentique
693 1056 862 1102 urbem
889 1056 1141 1103 obsidione
1166 1056 1414 1119 premebat
1436 1075 1449 1112 3

119 1123 376 1169 Aeneadae
402 1122 452 1168 in
474 1123 655 1169 ferrum
681 1141 764 1185 pro
792 1123 1016 1170 libertate
1041 1123 1260 1169 ruebant.

120 1189 259 1236 illum
286 1189 558 1250 indignanti
585 1190 793 1236 similem
821 1191 1126 1253 similemque
1152 1189 1357 1236 minanti

121 1257 367 1319 aspiceres,
393 1271 595 1320 pontem
623 1258 818 1304 auderet
845 1258 957 1320 quia
982 1258 1162 1304 vellere
1191 1257 1378 1312 Cocles,
1504 1272 1566 1309 650

122 1337 169 1370 et
194 1323 396 1371 fluvium
420 1324 592 1371 vinclis
619 1325 809 1371 innaret
838 1325 1029 1371 Cloelia
1055 1325 1223 1388 ruptis„

122 1391 171 1437 in
198 1408 384 1438 summo
410 1405 565 1438 custos
592 1392 834 1454 Tarpeiae
863 1392 1081 1438 Manlius
1108 1392 1225 1438 arcis

123 1458 274 1505 stabat
298 1476 384 1521 pro
410 1459 592 1522 templo
619 1472 666 1506 et
693 1459 938 1521 Capitolia
965 1459 1090 1505 celsa
1117 1459 1328 1517 tenebat,

124 1525 460 1589 Romuleoque
485 1543 650 1573 recens
677 1527 900 1573 horrebat
924 1526 1051 1587 regia
1077 1526 1254 1573 culmo.

124 1606 266 1655 atque
291 1592 370 1639 hic
398 1592 568 1640 auratis
594 1593 798 1639 volitans
826 1606 1074 1654 argenteus
1101 1610 1235 1639 anser

121 1660 385 1722 porticibus
414 1661 582 1706 Gallos
610 1661 660 1707 in
687 1660 856 1706 limine
884 1661 1041 1707 adesse
1068 1661 1308 1716 canebat3

125 1727 259 1773 Galli
285 1744 370 1788 per
394 1727 562 1773 dumos
590 1728 800 1785 aderant,
828 1745 1082 1791 arcemque
1110 1728 1356 1782 tenebant,

124 1794 309 1840 defensi
337 1794 546 1841 tenebris
574 1807 620 1841 et
646 1795 776 1840 dono
802 1794 957 1841 noctis
985 1811 1162 1857 opacae
1186 1815 1200 1850 ;

125 1878 263 1907 aurea
289 1861 514 1908 caesaries
541 1862 649 1908 ollis
678 1875 821 1925 atque
849 1880 990 1908 aurea
1015 1862 1157 1908 vestis
1181 1883 1194 1918 3

124 1928 315 1989 virgatis
341 1928 510 1975 lucent
534 1929 705 1990 sagulis
727 1948 742 1983 3
779 1942 881 1975 tum
910 1930 1065 1976 lactea
1092 1929 1216 1976 colla
1508 1942 1569 1973 660

126 2013 238 2042 auro
264 1994 582 2042 innectuntur
604 2016 617 2053 3
654 1996 751 2042 duo
777 1996 981 2060 quisque
1007 1997 1190 2059 Alpina
1215 2007 1468 2042 coruscant

126 2079 260 2123 gaesa
284 2079 446 2120 manu,
474 2063 618 2109 scutis
644 2063 849 2125 protecti
878 2081 1075 2126 corpora
1101 2063 1270 2124 longis.

126 2129 204 2176 hic
233 2129 525 2176 exsultantes
555 2130 719 2188 Salios,
747 2130 996 2194 nudosque
1022 2130 1283 2193 Lupercos,

127 2196 456 2260 lanigerosque
482 2197 656 2259 apices,
683 2211 731 2244 et
756 2197 886 2260 lapsa
914 2197 1089 2244 ancilia
1115 2197 1249 2243 caelo

130 2264 378 2311 extuderat
400 2284 414 2320 ;
451 2278 607 2311 castae
633 2265 877 2311 ducebant
902 2282 1029 2312 sacra
1055 2282 1140 2327 per
1166 2264 1332 2310 urbem

128 2330 323 2393 pilentis
350 2343 521 2377 matres
548 2332 598 2378 in
626 2332 870 2379 mollibus.
941 2332 1055 2378 hinc
1083 2331 1248 2394 procul
1276 2330 1409 2378 addit

130 2398 380 2445 Tartareas
408 2398 553 2445 etiam
579 2400 726 2459 sedes,
755 2400 850 2447 alta
875 2399 993 2446 ostia
1019 2399 1163 2457 Ditis,

132 2477 180 2511 et
204 2464 436 2513 scelerum
460 2483 654 2528 poenaS,
681 2481 727 2514 et
753 2481 816 2525 te,
847 2467 1080 2525 Catilina,
1107 2465 1285 2512 minaci

129 2530 423 2593 pendentem
449 2535 662 2597 scopulo,
690 2534 1036 2598 Furiarumque
1062 2551 1143 2580 ora
1170 2545 1475 2588 trementem,

132 2610 432 2661 secretosque
457 2600 576 2661 pios,
603 2601 675 2647 his
702 2602 899 2648 dantem
925 2602 1029 2648 iura
1057 2602 1316 2648 Catonem.
1509 2612 1570 2651 670

130 2667 249 2712 haec
275 2664 401 2711 inter
425 2667 596 2713 tumidi
622 2669 718 2716 late
744 2669 881 2715 maris
908 2669 1005 2715 ibat
1030 2669 1185 2728 imago

740 2748 815 2799 657
847 2749 926 2788 olli.
