1861 3256
543 278 878 317 GEoRGICON
909 279 1106 318 LIB.111
1527 278 1575 328 67

137 387 369 451 Cinyphii
397 386 600 434 tondent
624 385 744 432 hirci
771 399 1012 460 saetasque
1040 399 1284 433 comantes

136 472 274 502 usum
300 455 350 501 in
378 466 635 501 castrorum
662 465 709 500 et
734 452 914 519 miseris
940 453 1179 500 velamina
1206 452 1376 527 nautis.

135 535 396 585 pascuntur
420 538 531 567 vero
557 520 694 566 silvas
723 532 770 566 et
795 536 978 566 summa
1004 514 1180 582 Lycaei

134 591 479 651 horrentesque
505 587 645 633 rubos
672 600 719 633 et
744 598 957 633 amantes
985 587 1128 633 ardua
1155 588 1352 644 dumos3

134 669 279 719 atque
305 656 431 718 ipsae
457 671 690 701 memores
716 653 960 700 redeunt
948 671 999 699 in
1027 667 1155 700 tecta
1183 671 1385 717 suosque

134 722 335 781 ducunt,
365 734 411 769 et
435 722 627 783 gravido
653 734 879 783 superant
904 720 984 766 vix
1011 721 1157 767 ubere
1184 721 1352 768 limen.

136 806 244 850 ergo
270 789 402 836 omni
431 789 585 836 studio
611 788 815 849 glaciem
841 800 1108 850 ventosque
1136 787 1331 845 nivales,

134 874 228 920 quo
254 856 411 902 minor
438 869 506 902 est
530 855 624 902 illis
653 872 794 902 curae
821 854 1033 902 mortalis
1062 867 1253 916 egestas,

134 937 316 970 avertes
342 922 623 985 victumque
649 923 771 969 feres
800 935 847 969 et
871 921 1030 983 virgea
1056 922 1207 968 laetus
1517 945 1578 976 320

132 990 322 1053 pabula,
351 1006 442 1036 nec
470 1003 569 1036 tota
595 989 786 1036 claudes
814 989 1009 1035 faenilia
1034 989 1217 1037 bruma.

134 1070 180 1104 at
205 1073 316 1103 vero
343 1056 582 1119 Zephyris
610 1073 720 1103 cum
747 1057 872 1103 laeta
898 1056 1178 1102 vocantibus
1205 1070 1351 1103 aestas

132 1124 183 1170 in
210 1125 352 1170 saltus
379 1137 635 1187 utrumque
661 1141 852 1185 gregem
879 1137 1020 1186 atque
1046 1124 1096 1169 in
1122 1140 1294 1186 pascua
1319 1122 1496 1180 mittet,

134 1191 346 1238 Luciferi
372 1191 527 1253 primo
553 1208 663 1238 cum
691 1191 842 1238 sidere
869 1191 1040 1252 frigida
1066 1208 1172 1237 rura

134 1275 394 1321 carpamus,
423 1258 536 1304 dum
564 1275 706 1305 mane
733 1275 928 1316 novum,
957 1259 1072 1304 dum
1097 1257 1309 1318 gramina
1335 1268 1528 1313 canent,

133 1339 180 1372 et
205 1343 278 1372 ros
303 1325 352 1371 in
381 1338 546 1372 tenera
570 1325 732 1387 pecori
759 1325 1046 1386 gratissimus
1072 1326 1236 1371 herba.

132 1393 246 1439 inde
272 1392 353 1439 ubi
380 1405 545 1456 quarta
572 1392 699 1439 sitim
726 1392 844 1439 caeli
873 1392 1125 1453 collegerit
1149 1394 1265 1438 hora

135 1473 181 1507 et
207 1473 351 1506 cantu
378 1460 603 1522 querulae
629 1472 857 1522 rumpent
884 1460 1072 1506 arbusta
1099 1459 1307 1516 cicadae,

134 1527 193 1573 ad
217 1539 385 1589 puteos
413 1540 494 1573 aut
519 1527 613 1573 alta
640 1543 799 1587 greges
827 1527 886 1572 ad
913 1539 1076 1587 stagna
1101 1525 1278 1572 iubebo

133 1607 406 1641 currentem
431 1593 588 1655 ilignis
613 1607 775 1656 potare
803 1594 1050 1640 canalibus
1076 1593 1286 1648 undam3
1514 1616 1576 1645 330

132 1661 335 1708 aestibus
362 1674 408 1707 at
433 1661 603 1707 mediis
631 1661 900 1707 umbrosam
928 1660 1175 1723 exquirere
1200 1659 1391 1716 vallem,

132 1728 283 1775 sicubi
308 1745 478 1789 magna
504 1727 630 1773 Iovis
658 1727 856 1790 antiquo
881 1728 1049 1773 robore
1076 1743 1277 1789 quercus

131 1795 348 1857 ingentes
376 1795 543 1841 tendat
568 1811 733 1850 ramos,
763 1807 844 1841 aut
870 1794 1021 1840 sicubi
1048 1793 1237 1855 nigrum

130 1863 319 1909 ilicibus
346 1861 521 1909 crebris
547 1879 674 1908 sacra
701 1879 871 1908 nemus
896 1862 1100 1908 accubet
1127 1861 1326 1918 umbra;

131 1943 234 1977 tum
259 1942 427 1976 tenues
453 1929 566 1976 dare
592 1947 749 1976 rursus
775 1946 916 1993 aquas
945 1942 991 1975 et
1017 1945 1211 1991 pascere
1236 1945 1391 1974 rursus

130 1997 239 2044 solis
258 1997 325 2044 'ad
349 2013 586 2054 occasum,
614 2013 724 2043 cum
750 1997 947 2057 frigidus
974 2004 1078 2042 ae'ra
1105 2013 1271 2058 vesper

130 2077 364 2127 temperat
391 2076 439 2110 et
464 2064 606 2110 saltus
631 2064 785 2110 reficit
810 2064 905 2110 iam
931 2063 1113 2109 roscida
1140 2064 1253 2109 luna

131 2131 364 2194 litoraque
391 2131 646 2192 alcyonem
671 2144 909 2188 resonant,
939 2130 1242 2177 acalanthida
1267 2129 1415 2175 dumi.

198 2199 313 2262 quid
340 2197 426 2245 tibi
453 2211 660 2273 pastores
688 2198 884 2260 Libyae,
913 2198 1028 2261 quid
1052 2214 1225 2260 pascua
1251 2213 1387 2242 versu

132 2283 387 2329 prosequar
415 2278 462 2312 et
487 2265 602 2312 raris
627 2265 841 2312 habitata
868 2265 1072 2328 mapalia
1099 2264 1268 2311 tectis?
1513 2287 1575 2317 340

133 2349 270 2394 saepe
297 2332 427 2379 diem
454 2346 743 2395 noctemque
772 2346 818 2378 et
846 2346 1000 2379 totum
1027 2350 1083 2378 ex
1109 2331 1278 2378 ordine
1304 2347 1519 2377 mensem

134 2399 338 2460 pascitur
362 2399 496 2463 itque
520 2416 667 2462 pecus
694 2399 872 2475 longa
861 2417 911 2445 1n
938 2399 1122 2445 deserta
1149 2399 1252 2445 sine
1279 2397 1388 2444 ullis

133 2465 376 2527 hospitiis:
415 2479 603 2513 tantum
629 2467 786 2529 campi
813 2466 951 2513 iacet.
1024 2466 1186 2512 omnia
1212 2482 1372 2512 secum

135 2532 442 2579 armentarius
467 2534 584 2580 Afer
609 2534 720 2595 agit,
749 2547 1029 2596 tectumque
1057 2534 1324 2595 Laremque

134 2615 354 2660 armaque
390 2600 803 2664 Amyclaeumque
841 2618 1012 2648 canem
1052 2600 1364 2663 Cressamque
1399 2600 1570 2661 phare-

271 2678 391 2710 tram
409 2686 422 2721 ;

134 2748 233 2778 non
259 2748 391 2778 secus
417 2749 467 2779 ac
493 2734 655 2795 patriis
681 2752 789 2781 acer
816 2735 1059 2780 Romanus
1087 2735 1136 2780 in
1164 2733 1302 2779 armis

519 2822 592 2860 323
622 2811 764 2850 mittes.
879 2824 953 2861 329
984 2812 1123 2849 iubeto.
