1861 3256
547 975 751 1022 LIBER
788 973 1126 1038 QUARTUS

153 1118 395 1164 PRo’rmus
421 1117 531 1165 aerii
558 1117 712 1164 mellis
739 1118 961 1164 caelestia
985 1119 1109 1165 dona

153 1202 395 1248 exsequar.
465 1186 590 1231 hanc
620 1184 774 1242 etiam,
806 1185 1078 1243 Maecenas,
1105 1185 1262 1248 aspice
1288 1198 1485 1248 partem.

151 1252 423 1298 admiranda
449 1252 535 1299 tibi
563 1251 742 1298 levium
769 1253 1041 1315 spectacula
1068 1269 1241 1308 rerum,

151 1319 573 1382 magnanimosque
599 1319 742 1365 duces
767 1319 1008 1382 totiusque
1035 1319 1201 1366 ordine
1227 1320 1377 1380 gentis

150 1403 304 1432 mores
333 1399 378 1433 et
404 1386 557 1432 studia
583 1399 630 1432 et
654 1387 855 1449 populos
885 1400 930 1433 et
955 1387 1136 1449 proelia
1163 1387 1336 1434 dicam.

149 1452 199 1498 in
227 1453 359 1500 tenui
385 1453 516 1499 labor
539 1473 552 1509 ;
590 1466 636 1499 at
662 1453 817 1499 tenuis
844 1471 940 1500 non
965 1453 1126 1515 gloria,
1154 1454 1190 1499 si
1218 1471 1362 1517 quem

150 1520 349 1566 numina
375 1520 509 1566 laeva
535 1519 699 1566 sinunt
725 1520 949 1583 auditque
976 1534 1168 1568 vocatus
1194 1521 1387 1582 Apollo.

217 1586 454 1649 principio
483 1587 612 1633 sedes
641 1586 804 1649 apibus
835 1587 1070 1650 statioque
1095 1588 1318 1650 petenda,

151 1671 244 1717 quo
271 1671 427 1717 neque
455 1653 512 1700 sit
538 1654 692 1700 ventis
720 1654 1054 1700 aditus—nam
1082 1654 1256 1716 pabula
1281 1654 1412 1701 venti

150 1723 273 1768 ferre
298 1721 492 1767 domum
511 1720 997 1784 prohibent—neque
1021 1738 1128 1767 oves
1156 1721 1388 1785 haedique
1409 1721 1591 1784 petulci

149 1788 340 1835 floribus
366 1787 616 1845 insultent,
642 1801 722 1835 aut
750 1805 906 1834 errans
935 1788 1109 1835 bucula
1137 1805 1306 1851 campo
1556 1814 1591 1834 11

148 1855 356 1902 decutiat
382 1872 535 1902 rorem
562 1868 609 1901 et
636 1869 879 1917 surgentes
909 1869 1078 1902 atterat
1103 1856 1285 1903 herbas.

149 1923 302 1970 absint
328 1936 375 1970 et
399 1922 518 1985 pic-ti
547 1923 811 1986 squalentia
840 1936 969 1984 terga
996 1923 1160 1970 lacerti

147 1990 400 2053 pinguibus
427 2008 451 2036 a
477 1990 670 2037 stabulis
698 2007 1012 2053 meropesque
1040 1991 1253 2054 aliaeque
1278 1991 1514 2048 volucres,

147 2071 194 2105 et
219 2058 435 2105 manibus
464 2058 647 2105 Procne
673 2071 838 2120 pectus
869 2058 1047 2118 signata
1075 2058 1285 2105 cruentis
1309 2078 1322 2114 ;

147 2126 307 2173 omnia
334 2143 442 2172 nam
469 2126 564 2172 late
588 2138 776 2172 vastant
805 2125 1021 2188 ipsasque
1046 2126 1260 2172 volantes

147 2211 224 2240 ore
251 2194 410 2240 ferunt
434 2192 628 2240 dulcem
655 2193 778 2239 nidis
807 2192 1057 2239 inmitibus
1086 2209 1256 2240 escam.

148 2274 193 2308 at
218 2261 390 2324 liquidi
417 2260 575 2307 fontes
601 2273 648 2307 et
675 2273 836 2321 stagna
865 2260 1067 2306 virentia
1092 2277 1254 2307 musco

148 2328 299 2375 adsint
325 2341 372 2375 et
397 2328 553 2375 tenuis
579 2328 765 2389 fugiens
793 2345 879 2390 per
906 2327 1118 2389 gramina
1145 2327 1286 2386 rivus,

147 2395 399 2459 palmaque
423 2395 714 2442 vestibulum
741 2409 821 2442 aut
848 2395 1014 2456 ingens
1042 2395 1242 2441 oleaster
1268 2394 1525 2451 inumbret,
1553 2418 1593 2439 20

150 2474 217 2519 ut,
244 2478 354 2509 cum
378 2463 530 2526 prima
557 2462 667 2509 novi
696 2462 876 2510 ducent
904 2462 1123 2509 examina
1149 2479 1278 2523 reges

149 2544 258 2574 vere
283 2546 383 2587 su0,
408 2530 635 2593 ludetque
663 2529 778 2576 favis
807 2530 973 2576 emissa
1000 2530 1241 2587 iuventUS‚

149 2594 307 2641 vicina
332 2595 499 2643 invitet
525 2597 755 2644 decedere
782 2597 883 2659 ripa
911 2597 1056 2644 calori

151 2660 384 2723 obviaque
409 2663 622 2726 hospitiis
650 2677 810 2710 teneat
838 2664 1169 2711 frondentibus
1196 2663 1344 2709 arbos,

150 2726 199 2772 in
227 2727 454 2786 medium,
480 2746 560 2775 seu
587 2730 728 2777 stabit
753 2731 878 2777 iners
907 2748 986 2777 seu
1013 2730 1218 2793 profluet
1243 2745 1391 2784 umor,

151 2807 434 2841 transversas
458 2795 620 2842 salices
647 2810 693 2842 et
719 2798 915 2856 grandia
945 2797 1110 2843 conice
1138 2813 1259 2853 saxa,
