1861 3256
202 237 274 275 126
654 235 698 272 P.
728 232 962 271 VERGILI
992 233 1250 272 MARONIS

269 341 498 388 inruimus
524 341 677 387 densis
701 353 746 385 et
772 339 1196 387 circumfundimur
1221 341 1373 397 armis,

269 408 543 483 ignarosque
571 407 663 452 loci
689 406 856 467 passim
882 419 928 452 et
953 406 1204 453 formidine
1231 421 1388 468 captos

270 475 536 520 sternimus.
606 471 805 533 adspirat
828 472 981 535 primo
1005 473 1192 520 fortuna
1217 473 1377 519 labori.

271 555 407 603 atque
433 540 511 585 hic
538 554 750 584 successu
777 540 1012 585 exsultans
1037 540 1297 602 animisque
1327 538 1584 595 Coroebus,

270 625 298 652 o
324 605 454 661 socii,
479 622 569 679 qua
594 603 771 666 prima‚’
798 605 966 668 inquit,
993 606 1211 652 ‘fortuna
1235 606 1392 651 salutis

270 685 495 718 monstrat
521 671 625 726 iter,
651 688 834 735 quaque
858 673 1062 719 ostendit
1087 690 1133 718 se
1158 673 1336 728 dextra,
1362 688 1642 734 sequamur:

269 751 505 784 mutemus
530 737 719 798 clipeos,
748 738 1097 801 Danaumque
1085 738 1283 799 insignia
1307 709 1440 783 1iobis

269 819 495 867 aptemuS.
566 804 699 850 dolus
725 821 782 850 an
809 805 966 861 virtus,
995 805 1096 868 quis
1120 806 1169 851 in
1195 807 1331 851 hoste
1356 804 1595 867 requirat?
1642 829 1703 860 390

270 888 398 917 arma
423 871 602 916 dabunt
628 869 746 932 ipsi.'
817 871 879 918 sic
908 872 1028 918 fatus
1053 872 1222 918 deinde
1249 885 1517 918 comantem

269 937 509 998 Androgei
535 938 716 997 galeam
742 937 977 1002 clipeique
1003 939 1184 999 insigne
1209 938 1434 984 decorum

271 1004 501 1060 induitur,
527 1003 754 1066 laterique
779 1005 1010 1065 Argivum
1036 1005 1364 1052 adcommodat
1390 1021 1567 1051 ensem.

270 1072 359 1116 hoc
389 1070 618 1131 Rhipeus,
643 1070 771 1116 hoc
761 1087 857 1131 lpse
882 1071 1074 1132 Dymas,
1099 1072 1345 1135 omnisque
1371 1071 1589 1117 iuventus

272 1138 391 1183 laeta
415 1137 560 1183 facit·
548 1157 562 1192 3
599 1136 757 1198 spoliis
783 1153 827 1182 se
855 1137 1047 1201 quisque
1074 1139 1342 1184 recentibus
1369 1151 1529 1184 armat.

272 1203 480 1249 vadimus
508 1203 698 1249 inmixti
725 1202 899 1249 Danais
925 1204 1048 1250 haud
1074 1205 1269 1250 numine
1295 1218 1470 1260 nostro,

273 1271 512 1333 multaque
538 1287 620 1331 per
646 1286 833 1334 caecam
860 1271 1090 1330 congressi
1116 1270 1292 1331 proelia
1317 1285 1507 1316 noctem

273 1337 559 1384 conserimus
583 1357 596 1392 ;
634 1337 803 1382 multos
830 1337 1049 1383 Danaum
1075 1337 1367 1383 demittimus
1395 1338 1539 1383 Orco.

273 1404 527 1464 diffugiunt
553 1403 630 1449 alii
659 1403 715 1449 ad
740 1420 894 1459 naves,
920 1417 966 1449 et
991 1403 1126 1449 litora
1152 1419 1289 1449 cursu

274 1470 363 1516 fida
388 1484 592 1531 petunt3
628 1487 734 1531 pars
760 1469 1005 1530 ingentem
1032 1469 1284 1515 formidine
1309 1470 1438 1544 turpi
1643 1493 1707 1522 400

273 1537 506 1583 scandunt
532 1553 681 1582 rursus
711 1553 902 1599 equum,
929 1550 975 1583 et
1001 1551 1110 1582 nota
1136 1536 1438 1582 conduntur
1429 1553 1476 1581 1n
1505 1536 1624 1582 alvo.

341 1604 432 1649 heu
460 1603 578 1648 nihil
607 1602 765 1648 invitis
794 1603 858 1648 fas
884 1617 1168 1665 quemquam
1195 1602 1337 1648 fidere
1362 1602 1479 1648 divis
1503 1602 1511 1648 !

273 1686 386 1716 ecce
414 1670 680 1715 trahebatur
706 1669 846 1731 passis
874 1668 1101 1715 Priameia
1125 1669 1255 1729 virgo

276 1736 483 1782 crinibus
508 1753 531 1781 a
558 1736 735 1798 templo
762 1735 1020 1782 Cassandra
1045 1735 1283 1799 adytisque
1310 1735 1579 1791 Minervae,

276 1803 332 1848 ad
357 1802 539 1848 caelum
567 1802 762 1848 tendens
789 1801 998 1848 ardentia
1023 1801 1202 1847 lumina
1226 1802 1412 1858 frustra,

275 1869 470 1925 lumina,
498 1885 606 1914 nam
633 1882 813 1914 teneras
841 1868 1060 1914 arcebant
1087 1867 1277 1914 vincula
1302 1869 1491 1929 palmas.

276 1952 371 1982 non
398 1935 506 1982 tulit
530 1937 651 1982 hanc
680 1935 885 1996 speciem
912 1934 1077 1980 furiata
1103 1948 1261 1981 mente
1288 1934 1547 1990 Coroebus,

275 2016 321 2048 et
348 2019 442 2048 sese
469 2001 678 2047 medium
704 2001 868 2047 iniecit
894 2000 1125 2062 periturus
1149 2001 1199 2047 in
1225 2017 1405 2061 agmen.

276 2068 607 2132 consequimur
632 2068 795 2114 cuncti
822 2081 866 2114 et
891 2067 1041 2113 densis
1067 2067 1350 2114 incurrimus
1375 2067 1529 2115 armis.

275 2136 352 2182 hic
380 2136 585 2198 primum
611 2152 669 2181 ex
696 2135 788 2180 alto
812 2133 997 2180 delubri
1023 2134 1234 2180 culmine
1260 2135 1362 2180 telis
1649 2158 1711 2187 410

277 2216 546 2248 nostrorum
570 2201 832 2258 obruimur,
857 2201 1098 2264 oriturque
1125 2200 1383 2247 miserrima
1409 2201 1570 2247 caedes

277 2285 510 2314 armorum
537 2267 655 2314 facie
681 2283 726 2314 et
753 2267 1002 2314 Graiarum
1028 2284 1179 2314 errore
1206 2267 1434 2314 iubarum.

277 2347 379 2381 turn
405 2334 557 2380 Danai
583 2335 761 2408 gemitu
788 2348 925 2398 atque
951 2349 1144 2408 ereptae.
1162 2334 1352 2393 virginis
1377 2334 1442 2379 ira

279 2400 488 2464 undique
515 2400 742 2446 collecti
731 2400 976 2456 Invadunt,
1003 2400 1252 2446 acerrimus
1277 2399 1414 2456 Aiax,

280 2481 326 2514 et
349 2467 525 2527 gemini
551 2466 759 2522 Atridae,
785 2466 1123 2529 Dolopumque
1151 2466 1382 2512 exercitus
1408 2466 1594 2512 omnis:

280 2533 454 2579 adversi
481 2546 617 2594 rupto
643 2548 731 2578 ceu
757 2532 994 2595 quondam
1020 2532 1206 2578 turbine
1232 2524 1360 2579 xlenti

281 2599 558 2660 confligunt,
588 2598 948 2660 Zephyrusque,
974 2598 1240 2662 Notusque,
1267 2613 1313 2645 et
1340 2600 1485 2645 laetus
1512 2599 1619 2645 Eo‘i's

282 2667 432 2713 Eurus
458 2665 588 2728 equis
612 2683 623 2711 :
660 2665 862 2710 stridunt
888 2665 1044 2721 silvae,
1071 2665 1305 2728 saevitque
1332 2665 1524 2712 tridenti

745 2741 817 2790 383
851 2741 1178 2780 circumfudimus.
