1861 3256
555 238 887 277 GEoRGICON
916 238 1020 276 ΜΒ.
1050 238 1091 274 11
1533 247 1578 288 55

142 347 259 411 quid
284 346 644 394 memorandum
671 363 818 409 aeque
846 346 1083 393 Baccheia
1108 346 1232 392 dona
1259 345 1507 392 tulerunt?

141 416 358 461 Bacchus
385 427 432 460 et
457 413 515 460 ad
542 414 732 475 culpam
759 430 920 459 causas
947 414 1078 460 dedit
1101 434 1115 470 ;
1152 413 1235 459 ille
1263 413 1470 459 furentes

142 482 405 528 Centauros
429 481 528 527 leto
553 479 754 536 domuit,
781 480 1119 543 Rhoetumque
1147 480 1444 543 Pholumque

140 563 186 595 et
211 566 382 609 magno
410 548 656 609 Hylaeum
682 546 900 608 Lapithis
929 561 1110 594 cratere
1137 547 1421 594 minantem.

208 633 235 661 o
262 617 522 662 fortunatos
549 614 772 671 nimium,
798 631 880 660 sua
905 613 940 659 si
970 614 1093 661 bona
1119 614 1300 671 norint,

141 682 381 744 agricolas,
407 682 575 745 quibus
603 681 699 743 ipsa
726 681 893 743 procul
922 681 1219 728 discordibus
1246 681 1384 728 armis

140 749 301 795 fundit
326 752 473 795 humo
499 749 690 795 facilem
718 748 900 794 victum
928 748 1180 795 iustissima
1208 749 1349 795 tellus
1372 749 1382 796 l
1525 763 1590 803 460

140 817 176 862 si
204 834 302 862 non
328 816 572 876 ingentem
598 816 777 862 foribus
805 816 973 862 domus
1000 816 1094 862 alta
1121 816 1335 878 superbis

140 901 281 930 mane
307 884 594 929 salutantum
622 882 728 929 totis
759 883 908 929 vomit
935 883 1128 929 aedibus
1157 884 1354 940 undam,

142 968 232 996 nec
259 950 410 996 varios
437 949 625 996 inhiant
650 950 852 1012 pulchra
878 950 1121 997 testudine
1147 964 1315 1012 postes,

140 1017 410 1081 inlusasque
437 1034 547 1063 auro
572 1031 724 1064 vestes
752 1018 1085 1080 Ephyreiaque
1113 1035 1232 1075 aera,

143 1085 248 1142 alba
277 1102 434 1147 neque
461 1084 655 1146 Assyrio
682 1085 874 1131 fucatur
901 1085 1010 1131 lana
1034 1102 1238 1140 veneno,
1281 1097 1285 1100 ’

141 1169 231 1198 nec
259 1152 379 1198 casia
405 1152 574 1215 liquidi
602 1152 930 1214 corrumpitur
956 1170 1062 1198 usus
1087 1152 1201 1198 olivi
1225 1173 1238 1208 3

141 1233 187 1265 at
214 1236 375 1265 secura
401 1219 532 1282 quies
560 1232 607 1266 et
634 1219 794 1265 nescia
823 1220 987 1266 fallere
1014 1220 1124 1276 vita,

142 1287 270 1345 dives
298 1303 444 1348 opum
469 1286 723 1344 variarum,
751 1299 797 1333 at
824 1287 929 1333 latis
957 1287 1051 1333 otia
1076 1285 1250 1344 fundis,

143 1348 412 1415 speluncae,
441 1353 634 1416 vivique
663 1355 813 1411 lacus,
841 1367 888 1400 et
916 1352 1086 1415 frigida
1112 1354 1318 1416 Tempe,

143 1420 444 1483 mugitusque
471 1421 631 1479 boum,
660 1422 926 1484 mollesque
953 1421 1038 1467 sub
1063 1421 1228 1467 arbore
1255 1419 1407 1466 somni
1530 1445 1593 1474 470

143 1504 241 1533 non
269 1488 474 1542 absunt3
511 1487 611 1534 illic
642 1489 780 1534 saltus
809 1505 862 1535 ac
890 1489 1036 1535 lustra
1064 1489 1285 1544 ferarum,

146 1569 192 1601 et
218 1554 401 1617 patiens
427 1572 625 1617 operum
654 1555 924 1618 exiguoque
952 1556 1144 1602 adsueta
1167 1555 1406 1610 iuventus,

145 1639 274 1668 sacra
298 1622 458 1678 deum,
483 1622 731 1684 sanctique
759 1635 911 1683 patres
938 1643 952 1676 3
991 1636 1202 1668 extrema
1225 1639 1311 1684 per
1335 1621 1443 1667 illos

145 1688 332 1735 Iustitia
361 1689 594 1751 eircedens
623 1689 756 1734 terris
784 1689 983 1750 vestigia
1010 1689 1140 1735 fecit.

213 1773 288 1802 me
314 1752 426 1802 vero
449 1756 660 1818 primum
688 1756 855 1802 dulces
885 1769 996 1802 ante
1023 1756 1181 1802 omnia
1210 1756 1401 1812 Musae,

145 1839 344 1886 quarum
370 1840 495 1868 sacra
522 1823 622 1868 fero
649 1822 838 1883 ingenti
865 1840 1113 1885 percussus
1140 1840 1314 1880 amore,

145 1890 397 1952 accipiant,
426 1890 639 1953 caelique
667 1890 762 1936 vias
791 1903 838 1936 et
867 1890 1017 1937 sidera
1043 1903 1330 1947 monstrent,

144 1958 356 2004 defectus
383 1958 490 2003 solis
516 1957 664 2003 varios
692 1957 932 2020 lunaeque
959 1958 1142 2004 labores
1166 1979 1179 2014 3

145 2025 273 2071 unde
299 2038 479 2071 tremor
505 2024 653 2081 terri5‚
683 2042 775 2087 qua
801 2025 847 2071 vi
876 2025 1022 2071 maria
1050 2026 1141 2072 alta
1168 2037 1435 2072 tumescant

146 2092 358 2138 obicibus
385 2092 534 2154 ruptis
559 2109 811 2155 rursusque
840 2092 889 2138 in
918 2109 964 2138 se
990 2093 1089 2155 ipsa
1113 2092 1338 2149 residant,
1532 2107 1595 2146 480

147 2160 262 2223 quid
287 2172 474 2205 tantum
502 2161 700 2206 Oceano
726 2172 989 2222 properent
1015 2177 1061 2206 se
1088 2160 1302 2221 tinguere
1329 2159 1448 2206 soles

147 2226 348 2283 hiberni,
377 2227 452 2273 vel
480 2244 598 2289 quae
624 2227 767 2273 tardis
794 2244 926 2273 mora
955 2227 1175 2273 noctibus
1203 2227 1374 2274 obstet.

149 2294 234 2350 sin,
260 2295 342 2340 has
369 2311 429 2340 ne
455 2294 627 2356 possim
654 2307 848 2340 naturae
877 2294 1105 2341 accedere
1128 2308 1301 2357 partes,

148 2360 342 2421 frigidus
368 2361 604 2408 obstiterit
631 2361 813 2408 circum
839 2361 1114 2424 praecordia
1139 2361 1339 2422 sanguis,

150 2444 256 2473 rura
279 2428 397 2475 mihi
424 2441 470 2475 et
495 2428 615 2489 rigui
642 2429 865 2491 placeant
892 2429 941 2475 in
968 2429 1171 2476 vallibus
1198 2446 1371 2487 amnes,

151 2493 348 2541 flumina
373 2512 526 2543 amem
553 2496 784 2558 silvasque
810 2496 1054 2556 inglorius
1128 2514 1155 2542 o
1182 2496 1262 2542 ubi
1289 2496 1444 2558 campi

154 2562 506 2625 Spercheosque
534 2576 579 2609 et
604 2563 863 2624 virginibus
889 2563 1122 2610 bacchata
1147 2563 1377 2610 Lacaenis

154 2628 202 2673 T
207 2627 386 2689 aneta,
413 2646 441 2674 o
466 2629 547 2692 qui
573 2646 649 2676 me
676 2630 843 2691 gelidis
871 2631 1166 2677 convallibus
1192 2630 1367 2676 Haemi

154 2694 298 2751 sistat,
327 2707 374 2740 et
397 2694 580 2755 ingenti
606 2714 843 2745 ramorum
867 2711 1084 2761 protegat
1110 2699 1313 2744 umbra?

214 2772 293 2820 464
324 2771 499 2810 inclusas.
609 2774 686 2822 467
718 2775 850 2813 vitam.
963 2775 1039 2823 488
1073 2775 1202 2823 gelidis
1223 2775 1262 2811 in
1283 2774 1456 2812 vallibus.
