1861 3256
668 240 712 278 P.
742 239 976 277 VERGILI
1007 239 1264 277 MARONIS

286 346 510 410 pontibus
535 357 588 391 ut
613 344 786 391 crebris
812 344 987 406 possint
1012 345 1263 392 consistere
1290 359 1334 393 et
1360 346 1451 391 alas

287 413 494 475 pandere
520 411 577 457 ad
601 410 829 456 aestivum
855 411 1014 469 solem,
1041 412 1076 457 si
1104 413 1222 458 forte
1247 425 1480 458 morantes

287 478 500 541 sparserit
526 490 605 522 aut
631 493 850 538 praeceps
877 477 1109 539 Neptuno
1134 478 1402 524 inmerserit
1428 478 1595 525 Eurus.

223 540 226 542 ’
286 547 401 591 haec
429 544 609 589 circum
637 542 785 589 casiae
811 543 981 590 virides
1007 557 1052 590 et
1077 544 1251 590 olentia
1275 545 1370 590 late
1669 568 1710 598 30

287 610 492 672 serpulla
518 621 564 655 et
589 608 793 668 graviter
819 610 1034 671 spirantis
1061 611 1195 671 copia
1221 611 1468 671 thymbrae

285 677 463 731 floreat,
490 674 826 738 inriguumque
853 676 1017 722 bibant
1041 676 1235 722 violaria
1259 676 1458 723 fontem.

285 743 383 805 ipsa
410 754 585 797 autem,
612 758 689 787 seu
717 742 970 788 corticibus
997 743 1082 789 tibi
1110 756 1209 789 suta
1235 742 1408 788 cavatis

286 826 364 854 seu
391 809 522 854 lento
547 808 725 854 fuerint
752 809 922 855 alvaria
946 809 1125 855 vimine
1153 822 1294 866 texta,

285 888 501 934 angustos
528 875 732 920 habeant
757 875 940 922 aditus:
976 893 1086 921 nam
1113 876 1281 936 frigore
1306 875 1449 921 mella

285 941 409 1001 cogit
433 941 633 1015 hiempS,
659 941 916 1015 eademque
942 943 1070 988 calor
1093 942 1350 1004 liquefacta
1372 941 1588 988 remittit.

285 1022 479 1070 utraque
505 1007 572 1052 vis
599 1007 763 1068 apibus
789 1008 959 1069 pariter
983 1009 1269 1055 metuenda·
1257 1028 1270 1064 3
1308 1025 1462 1071 neque
1488 1007 1599 1054 illae

284 1074 574 1149 nequiquam
600 1073 650 1118 in
678 1074 813 1119 tectis
839 1074 1052 1120 certatim
1079 1075 1239 1121 tenuia
1265 1091 1369 1121 cera

285 1141 566 1202 spiramenta
593 1140 755 1186 linunt
780 1140 985 1202 fucoque
1011 1154 1057 1187 et
1083 1140 1271 1187 floribus
1297 1158 1397 1187 oras

286 1207 498 1269 explent,
524 1207 879 1268 collectumque
903 1208 1018 1253 haec
1045 1207 1144 1269 ipsa
1169 1208 1226 1253 ad
1251 1225 1446 1254 munera
1471 1207 1635 1267 gluten
1671 1230 1713 1260 40

286 1287 331 1319 et
355 1273 484 1319 visco
511 1286 557 1320 et
585 1272 814 1334 Phrygiae
841 1287 1025 1320 servant
1050 1273 1156 1335 pice
1181 1273 1354 1320 lentius
1381 1273 1511 1319 Idae.

284 1357 421 1402 saepe
447 1339 588 1386 etiam
615 1339 802 1396 effossis,
830 1339 866 1385 si
893 1357 999 1386 vera
1023 1353 1091 1385 est
1117 1341 1256 1397 fama,
1284 1339 1472 1386 latebris

285 1407 370 1453 sub
396 1420 516 1453 terra
541 1406 698 1452 fovere
727 1407 909 1463 Larem,
937 1406 1218 1468 penitusque
1243 1419 1455 1467 repertae

284 1473 649 1535 pumicibusque
676 1472 799 1518 cavis
827 1489 1085 1535 exesaeque
1111 1472 1286 1518 arboris
1312 1485 1465 1519 antro.

284 1553 335 1586 tu
363 1553 521 1586 tamen
547 1552 592 1586 et
618 1539 708 1585 levi
734 1539 903 1585 rimosa
928 1539 1103 1585 cubilia
1129 1539 1244 1584 lirno

286 1623 441 1667 ungue
467 1607 627 1652 fovens
649 1606 830 1652 circum
857 1619 902 1652 et
927 1623 1046 1652 raras
1071 1605 1339 1667 superinice
1366 1605 1569 1652 frondes.

285 1690 377 1719 neu
403 1673 594 1735 propius
620 1672 756 1718 tectis
783 1686 945 1718 taxum
972 1672 1089 1729 sine,
1115 1689 1235 1718 neve
1260 1672 1483 1718 rubentes

285 1757 366 1786 ure
392 1741 499 1786 foco
524 1756 731 1795 cancros,
758 1739 877 1784 altae
905 1755 995 1784 neu
1023 1739 1158 1784 crede
1184 1738 1361 1801 paludi,

285 1819 362 1852 aut
388 1806 468 1852 ubi
495 1806 608 1852 odor
633 1806 765 1852 caeni
793 1805 939 1866 gravis
965 1818 1045 1851 aut
1071 1805 1150 1851 ubi
1178 1822 1382 1851 concava
1406 1804 1546 1867 pulsu

285 1890 393 1919 saxa
419 1885 585 1918 sonant
610 1872 831 1934 vocisque
858 1873 1033 1918 offensa
1057 1872 1250 1918 resultat
1276 1871 1442 1932 imago.
1672 1893 1714 1923 50

352 1939 478 2002 quod
503 1952 726 2000 superest,
757 1938 836 1984 ubi
865 1939 1045 2000 pulsam
1070 1938 1278 1984 hiemem
1306 1939 1383 1984 Sol
1410 1953 1576 1984 aureus
1604 1936 1699 1997 egit

284 2007 370 2052 sub
397 2019 538 2052 terras
563 2006 844 2067 caelumque
873 2005 1046 2051 aestiva
1070 2005 1178 2051 luce
1204 2004 1411 2061 reclusit,

284 2073 394 2119 illae
421 2072 650 2118 continuo
676 2072 818 2117 saltus
844 2072 1070 2133 silvasque
1095 2084 1343 2133 peragrant

284 2155 635 2201 purpureosque
662 2151 851 2184 metunt
878 2137 1011 2183 flores
1039 2150 1085 2184 et
1110 2137 1306 2183 flumina
1332 2137 1484 2184 libant

285 2223 466 2252 summa
491 2206 634 2252 leves.
706 2205 819 2251 hinc
847 2204 1005 2251 nescio
1031 2222 1123 2267 qua
1147 2204 1400 2250 dulcedine
1425 2204 1574 2249 laetae

284 2272 559 2333 progeniem
586 2272 816 2335 nidosque
843 2272 1019 2329 fovent,
1045 2271 1157 2317 hinc
1185 2283 1283 2316 arte
1307 2282 1520 2316 recentes

286 2339 529 2384 excudunt
555 2356 682 2385 ceras
709 2352 755 2385 et
781 2338 923 2384 mella
949 2337 1133 2384 tenacia
1158 2337 1358 2397 fingunt.

283 2405 396 2451 hinc
425 2405 503 2450 ubi
532 2405 623 2450 iam
649 2405 869 2450 emissum
897 2404 1049 2450 caveis
1075 2403 1133 2449 ad
1157 2403 1306 2448 sidera
1331 2401 1449 2449 caeli

286 2488 399 2518 nare
423 2489 506 2533 per
531 2484 754 2517 aestatem
780 2470 1008 2532 liquidam
1035 2469 1293 2531 suspexeris
1319 2485 1485 2529 agmen

285 2539 622 2600 obscuramque
651 2537 768 2583 trahi
795 2550 937 2582 vento
962 2535 1186 2582 mirabere
1213 2536 1404 2593 nubem,
1671 2547 1712 2580 60

287 2605 635 2666 contemplator
659 2621 669 2650 ε
707 2619 846 2666 aquas
866 2602 1028 2648 dulces
1054 2615 1100 2648 et
1126 2601 1318 2648 frondea
1344 2617 1527 2663 semper

287 2684 410 2718 tecta
435 2683 620 2733 petunt.
690 2671 784 2716 huc
812 2681 862 2716 tu
888 2669 1030 2715 iussos
1057 2668 1276 2730 adsperge
1302 2685 1501 2730 sapores,

559 2759 608 2796 43
640 2747 776 2784 fodere.
887 2756 936 2795 45
969 2759 988 2782 e
1016 2745 1103 2784 levi.
1216 2745 1262 2795 58
1293 2744 1368 2783 hic.
