1866 3208
241 171 247 176 ’
296 198 370 237 310
739 186 782 224 P.
811 185 1047 223 VERGILI
1077 185 1334 223 MARole

362 293 584 340 Euandri.
655 309 796 356 quem
821 292 886 339 sic
916 293 1064 340 Pallas
1088 294 1206 356 petit
1231 307 1339 341 ante
1365 306 1579 355 precatus
1602 312 1612 340 z
1723 319 1784 348 420

326 367 340 386 ‘
357 361 414 407 da
439 377 586 416 nunc,
612 359 796 420 Thybri
819 373 969 434 pater,
994 360 1131 418 ferro,
1155 361 1281 424 quod
1305 360 1478 406 missile
1504 360 1640 416 libro,

361 427 595 473 fortunam
621 439 759 488 atque
784 426 907 472 viam
933 426 1035 473 duri
1061 445 1143 489 per
1166 441 1328 490 pectus
1355 426 1562 474 Halaesi.

359 495 473 540 haec
501 508 626 538 arma
652 492 932 555 exuviasque
958 493 1045 539 viri
1071 507 1148 540 tua
1173 510 1370 558 quercus
1395 492 1617 539 habebit?

360 559 506 605 audiit
531 558 612 604 illa
637 559 784 604 deus·
771 579 786 615 ;
821 559 936 605 dum
962 560 1079 607 texit
1104 562 1296 607 Imaona
1322 560 1563 616 Halaesus,

358 625 561 672 Arcadio
585 624 755 671 infelix
782 626 876 672 telo
900 627 978 674 dat
1002 641 1165 689 pectus
1191 628 1442 674 inermum.

359 706 403 738 at
430 709 525 738 non
552 692 693 738 caede
719 692 804 738 viri
832 707 959 739 tanta
983 694 1224 756 perterrita
1249 695 1442 750 Lausus,

359 776 459 821 pars
483 758 649 820 ingens
675 759 805 815 belli,
830 759 940 806 sinit
965 761 1150 820 agmina
1172 780 1181 807 :
1219 762 1396 823 primus
1420 760 1656 806 Abantem

359 825 624 887 oppositum
651 825 893 882 interimit,
921 843 1103 888 pugnae
1129 827 1401 890 nodumque
1427 843 1714 889 moramque.

359 892 580 938 sternitur
602 893 828 938 Arcadiae
853 894 1021 955 proles,
1048 907 1318 940 sternuntur
1345 892 1549 949 Etrusci,

360 973 405 1005 et
431 975 526 1014 vos,
550 975 578 1004 0
604 958 740 1004 Grais
768 958 1000 1020 inperdita
1025 977 1235 1022 corpora,
1261 961 1458 1006 Teucri.
1723 983 1786 1014 430

360 1025 544 1086 agmina
571 1038 862 1072 concurrunt
887 1026 1177 1090 ducibusque
1203 1041 1249 1074 et
1278 1027 1451 1073 viribus
1477 1026 1650 1090 aequis.

361 1092 556 1139 extremi
584 1092 843 1138 addensent
869 1092 988 1138 acies
1011 1112 1024 1146 ;
1061 1111 1147 1140 nec
1175 1094 1309 1140 turba
1333 1093 1507 1140 moveri

361 1160 453 1205 tela
478 1175 734 1221 manusque
761 1159 886 1206 sinit.
958 1160 1068 1206 hinc
1099 1161 1244 1207 Pallas
1270 1161 1410 1207 instat
1436 1174 1481 1206 et
1507 1174 1688 1221 urguet,

360 1225 472 1271 hinc
501 1238 662 1271 contra
687 1225 1022 1273 Lausus—nec
1050 1227 1253 1274 multum
1278 1227 1507 1289 discrepat
1532 1239 1721 1272 aetas—-

360 1292 530 1353 egregii
558 1292 719 1349 forma,
747 1293 826 1338 sed
852 1292 954 1355 quis
980 1293 1164 1340 fortuna
1190 1306 1377 1354 negarat

361 1359 408 1405 in
435 1358 629 1420 patriam
655 1359 847 1406 reditus,
919 1359 1038 1422 ipsos
1065 1377 1342 1406 concurrere
1369 1377 1522 1422 passus

361 1426 485 1472 haud
511 1439 665 1472 tamen
694 1426 818 1472 inter
843 1443 889 1472 se
916 1427 1072 1487 magni
1098 1441 1313 1488 regnator
1339 1426 1533 1488 Olympi
1559 1446 1572 1482 ;

360 1509 468 1539 mox
496 1492 599 1538 illos
625 1510 704 1538 sua
730 1493 821 1539 fata
848 1507 1040 1540 manent
1066 1494 1238 1540 maiore
1263 1493 1347 1539 sub
1373 1494 1518 1539 hoste.

428 1559 604 1606 interea
629 1577 754 1606 soror
779 1561 901 1606 alma
927 1573 1088 1607 monet
1113 1560 1362 1607 succedere
1388 1560 1540 1606 Lauso

362 1626 601 1682 Turnum,
628 1626 706 1689 qui
734 1627 914 1673 volucri
943 1644 1081 1674 curru
1109 1627 1317 1674 medium
1343 1640 1465 1673 secat
1491 1641 1671 1686 agmen.
1726 1650 1788 1679 440

362 1706 412 1739 ut
438 1693 553 1738 vidit
578 1693 725 1739 socios
749 1712 759 1739 :
801 1700 1013 1756 ‘tempus
1038 1694 1253 1740 desistere
1279 1710 1460 1755 pugnae
1484 1713 1496 1748 ;

362 1760 484 1805 solus
509 1775 593 1819 ego
619 1759 666 1804 in
696 1759 904 1806 Pallanta
932 1761 1051 1806 feror
1074 1780 1087 1816 ;
1125 1760 1206 1806 soli
1233 1760 1348 1806 mihi
1377 1760 1525 1805 Pallas

361 1826 558 1872 debetur
580 1846 593 1882 ;
630 1842 851 1887 cuperem
878 1826 975 1889 ipse
1001 1843 1165 1888 parens
1191 1840 1418 1889 spectator
1447 1825 1653 1872 adesset.’

361 1895 475 1939 haec
504 1893 600 1946 ait3
637 1905 683 1938 et
709 1893 820 1938 socii
849 1907 1086 1940 cesserunt
1112 1910 1309 1968 aequore
1335 1893 1470 1939 iusso.

363 1974 424 2015 at,
451 1959 683 2005 Rutulum
709 1960 976 2015 abscessu,
964 1960 1147 2006 iuvenis
1171 1974 1272 2006 tum
1298 1959 1416 2005 iussa
1441 1959 1637 2021 superba

363 2026 552 2072 miratus
578 2039 733 2088 stupet
759 2026 807 2072 in
837 2027 1019 2083 Turno,
1049 2043 1309 2089 corpusque
1334 2042 1416 2088 per
1440 2026 1606 2100 ingens

365 2092 543 2140 lumina
568 2093 733 2150 volvit,
760 2093 954 2169 obitque
983 2093 1102 2140 truci
1130 2093 1296 2156 procul
1323 2092 1481 2139 omnia
1506 2092 1625 2148 visu,

364 2159 531 2206 talibus
557 2174 602 2206 et
627 2160 765 2207 dictis
791 2161 827 2208 it
853 2175 1016 2207 contra
1040 2160 1165 2207 dicta
1190 2159 1408 2221 tyranni:

364 2240 442 2273 aut
467 2227 622 2289 spoliis
649 2245 733 2288 ego
760 2228 852 2275 iam
879 2228 1018 2303 raptis
1046 2227 1264 2273 laudabor
1289 2226 1472 2288 opimis,

363 2307 441 2340 aut
467 2294 597 2340 leto
586 2294 796 2355 1nsigni·
784 2330 798 2348 ,
836 2295 945 2341 sorti
972 2308 1104 2357 pater
1132 2311 1303 2357 aequus
1329 2293 1513 2354 utrique
1539 2304 1621 2338 est.
1728 2313 1790 2344 4⁵0

363 2360 477 2407 tolle
503 2360 683 2407 minas!
755 2362 874 2407 fatus
899 2361 1110 2408 medium
1134 2359 1381 2421 procedit
1370 2376 1418 2405 1n
1445 2375 1630 2421 aequor.

365 2427 556 2488 frigidus
579 2427 837 2474 Arcadibus
866 2427 959 2474 coit
986 2427 1035 2473 in
1062 2425 1328 2488 praecordia
1353 2425 1550 2500 sanguis

365 2494 552 2541 desiluit
578 2494 772 2540 Turnus
800 2494 1002 2555 biiugis·
991 2529 1004 2548 ,
1039 2493 1180 2556 pedes
1206 2506 1391 2555 apparat
1417 2492 1481 2538 ire

366 2561 648 2608 comminus·
721 2574 864 2624 utque
890 2561 980 2617 leo,
1008 2560 1196 2622 specula
1222 2575 1331 2606 cum
1357 2559 1475 2605 vidit
1500 2558 1558 2604 ab
1581 2558 1672 2604 alta

366 2641 482 2675 stare
507 2627 670 2690 procul
698 2627 872 2690 campis
897 2626 1243 2673 meditantem
1232 2643 1281 2672 1n
1307 2625 1485 2688 proelia
1510 2638 1712 2681 taurum,

877 2719 955 2756 432
986 2709 1202 2746 addensant.
