1861 3256
1143 158 1162 190 b

580 239 914 277 GEORGICON
944 239 1047 277 LIB.
1077 240 1141 277 IV
1564 239 1616 288 89

176 347 365 406 restitit,
393 345 762 408 Eurydicenque
788 363 920 392 suam
947 347 1040 392 iam
1066 347 1174 393 luce
1201 347 1284 392 sub
1310 346 1409 408 ipsa
1556 371 1620 402 490

176 415 413 461 inmemor
437 415 548 471 heu,
574 413 822 475 victusque
850 413 996 459 animi
1022 413 1243 476 respexit.
1315 412 1380 459 ibi
1407 413 1563 460 omnis

179 483 349 528 effusus
375 481 523 538 labor,
550 493 690 542 atque
717 479 898 526 inmitis
925 495 1062 543 rupta
1090 479 1279 542 tyranni

177 549 383 606 foedera,
411 561 578 610 terque
605 548 757 607 fragor
784 547 958 608 stagnis
985 548 1171 594 auditus
1195 547 1414 594 Avernis.

176 615 257 661 illa
297 615 445 678 “quis
481 628 526 661 et
559 614 682 672 me‚''
720 613 894 676 inquit,
926 615 1189 661 “miseram
1230 628 1276 661 et
1314 629 1359 660 te
1395 614 1618 677 perdidit,

312 683 531 744 Orpheu,

176 749 279 811 quis
307 762 465 796 tantus
490 750 658 795 furor?
697 765 756 795 en
783 748 957 795 iterum
985 750 1197 796 crudelia
1222 763 1348 796 retro

175 817 270 862 fata
294 830 466 862 vocant
492 816 750 879 conditque
779 816 987 862 natantia
1016 817 1199 862 lumina
1225 834 1432 864 somnus,

174 882 363 946 iamque
391 884 495 929 vale
521 902 531 930 :
570 884 696 929 feror
722 883 907 944 ingenti
937 883 1229 930 circumdata
1256 898 1398 930 nocte

174 950 497 1013 invalidasque
526 950 611 996 tibi
641 951 860 1007 tendens,
888 952 982 996 heu
1010 968 1108 996 non
1137 964 1231 1008 tua,
1258 952 1435 1013 palmas
1460 951 1468 997 !
1491 948 1516 970 ''

174 1017 297 1063 dixit
325 1031 371 1064 et
397 1035 454 1063 ex
481 1017 632 1063 oculis
658 1017 829 1076 subito,
860 1035 947 1064 ceu
976 1018 1133 1063 fumus
1160 1018 1209 1063 in
1238 1035 1367 1064 auras

173 1084 462 1131 commixtus
490 1098 672 1142 tenues,
702 1085 825 1145 fugit
853 1085 1050 1143 diversa,
1079 1102 1234 1148 neque
1261 1085 1399 1130 illum
1557 1108 1620 1137 500

170 1166 481 1214 prensantem
509 1153 803 1215 nequiquam
831 1153 1018 1198 umbras
1047 1166 1093 1198 et
1119 1153 1270 1198 multa
1295 1152 1541 1197 volentem

172 1218 331 1265 dicere
358 1232 601 1281 praeterea
628 1220 763 1277 vidit,
793 1237 882 1266 nec
910 1219 1112 1282 portitor
1140 1219 1255 1265 Orci
1331 1273 1337 1278 Λ

173 1286 378 1348 amplius
405 1286 647 1333 obiectam
673 1304 833 1349 passus
861 1287 1061 1333 transire
1086 1286 1330 1349 paludem.

172 1353 287 1416 quid
313 1354 527 1400 faceret?
566 1372 659 1416 quo
688 1372 733 1400 se
758 1367 891 1416 rapta
919 1353 987 1400 bis
1017 1354 1218 1414 coniuge
1245 1354 1424 1400 ferret?

172 1438 266 1482 quo
293 1419 409 1466 fletu
438 1421 628 1479 Manes,
658 1439 749 1484 qua
778 1421 978 1467 numina
1005 1438 1123 1467 voce
1149 1424 1400 1467 moveret?

171 1487 254 1533 illa
281 1487 474 1550 quidem
504 1488 662 1550 Stygia
692 1489 837 1535 nabat
863 1488 958 1534 iam
986 1488 1155 1549 frigida
1182 1488 1369 1534 cumba.

172 1568 355 1616 septem
381 1554 519 1601 illum
547 1569 671 1602 totos
697 1556 957 1617 perhibent
984 1572 1041 1602 ex
1068 1555 1235 1601 ordine
1263 1571 1449 1600 menses

171 1639 288 1684 rupe
316 1622 399 1668 sub
427 1622 546 1668 aeria
574 1623 748 1668 deserti
777 1623 835 1668 ad
864 1622 1127 1683 Strymonis
1155 1622 1332 1667 undam

171 1688 353 1735 flevisse
381 1702 428 1734 et
453 1689 620 1749 gelidis
647 1691 765 1735 haec
797 1689 1028 1735 evolvisse
1055 1690 1138 1734 sub
1166 1689 1326 1746 antris,

131 1793 135 1798 ,
169 1756 468 1802 mulcentem
497 1755 638 1816 tigres
668 1770 713 1802 et
743 1770 962 1817 agentem
992 1756 1204 1802 carmine
1231 1772 1471 1818 quercus3
1559 1780 1621 1809 510

170 1819 320 1886 qualis
345 1823 554 1885 populea
584 1840 801 1869 maerens
829 1823 1096 1886 philomela
1125 1823 1209 1869 sub
1236 1823 1402 1869 umbra

170 1889 359 1936 amissos
387 1890 600 1953 queritur
629 1891 773 1948 fetus,
803 1908 919 1953 quos
947 1891 1092 1937 durus
1117 1905 1271 1936 arator

117 2018 121 2019 ⁷
168 1958 421 2004 observans
447 1958 562 2004 nido
591 1957 836 2020 inplumes
865 1958 1109 2015 detraxit5
1148 1972 1194 2004 at
1219 1958 1302 2004 illa

168 2024 252 2071 flet
278 2039 472 2071 noctem
498 2042 728 2088 ramoque
760 2026 925 2072 sedens
952 2025 1222 2071 miserabile
1250 2042 1443 2072 carmen

154 2092 374 2154 *integrat
403 2106 450 2139 et
475 2093 666 2139 maestis
694 2094 789 2139 late
820 2093 925 2139 loca
953 2092 1195 2156 questibus
1220 2092 1391 2155 inplet.

169 2161 302 2206 nulla
329 2161 511 2218 Venus,
541 2178 638 2206 non
669 2160 757 2206 ulli
790 2160 1002 2206 animum
1030 2159 1205 2206 flexere
1231 2159 1504 2221 hymenaei.

170 2228 293 2274 solus
321 2228 657 2290 Hyperboreas
687 2227 860 2288 glacies
891 2227 1200 2289 Tanaimque
1227 2227 1310 2273 niv
1314 2228 1438 2273 alem

170 2312 373 2358 arvaque
401 2296 628 2358 Rhipaeis
659 2312 926 2358 numquam
956 2294 1149 2341 viduata
1175 2294 1357 2357 pruinis

171 2361 412 2421 lustrabat,
440 2376 622 2426 raptam
652 2363 927 2425 Eurydicen
959 2375 1102 2425 atque
1129 2361 1273 2407 inrita
1298 2361 1426 2408 Ditis

172 2428 295 2475 dona
322 2448 557 2492 querens3
597 2443 780 2492 spretae
810 2430 1054 2477 Ciconum
1084 2446 1178 2492 quo
1206 2446 1404 2475 munere
1431 2441 1604 2475 matres

173 2494 298 2541 inter
324 2514 449 2543 sacra
476 2498 619 2544 deum
648 2497 970 2560 nocturnique
999 2496 1126 2557 orgia
1153 2496 1330 2543 Bacchi
1558 2518 1617 2548 521

106 2593 110 2597 -
173 2560 464 2624 discerptum
490 2565 610 2611 latos
636 2565 864 2611 iuvenem
892 2581 1100 2626 sparsere
1126 2581 1212 2626 per
1240 2580 1383 2624 agros.

174 2640 276 2673 tum
302 2646 490 2692 quoque
516 2648 779 2678 marmorea
806 2645 948 2694 caput
975 2650 1000 2678 a
1027 2631 1212 2678 cervice
1239 2631 1480 2676 revulsum

172 2694 357 2755 gurgite
383 2713 493 2742 cum
518 2698 676 2744 medio
699 2712 893 2760 portans
922 2698 1152 2759 Oeagrius
1179 2698 1372 2743 Hebrus

281 2784 357 2822 493
390 2774 512 2821 stagni
541 2782 596 2811 est
628 2805 636 2812 .
666 2802 678 2814 .
706 2803 716 2814 .
745 2775 907 2814 Averni.
1037 2785 1109 2825 505
1142 2788 1235 2823 quae
1264 2774 1437 2811 numina.
