1861 3256
502 249 809 288 BUCOLICA:
840 249 956 286 ECL.
986 246 1069 284 VH
1491 254 1536 290 17

110 359 299 424 aspicio.
369 358 450 404 ille
477 356 557 403 ubi
583 373 659 402 me
685 369 850 402 contra
873 354 1016 411 videt,
1047 352 1234 409 ‘ociUS,'
1261 351 1432 414 inquit,

79 429 200 474 ‘huc
228 427 350 483 adeS,
376 443 403 471 o
431 424 711 470 Meliboee·
699 443 712 479 ;
749 439 887 484 caper
913 422 999 468 tibi
1025 422 1174 467 salvus
1202 433 1248 466 et
1273 418 1411 465 haedi
1437 439 1449 473 ;

109 508 170 550 et,
199 494 233 540 si
259 492 374 568 quid
398 507 572 538 cessare
599 503 744 552 potes,
771 489 1012 551 requiesce
1040 488 1123 534 sub
1150 486 1329 534 umbra.
1503 509 1542 530 10

107 561 240 608 huc
229 560 316 622 ipsi
341 572 507 621 potum
532 557 729 604 venient
754 573 837 618 per
862 569 990 618 prata
1015 555 1240 601 iuvenci·
1228 591 1242 611 ,

107 628 185 675 hic
212 627 382 673 virides
408 639 571 672 tenera
595 623 828 686 praetexit
852 622 1115 668 harundine
1141 621 1259 684 ripas

110 694 343 750 Mincius,
369 709 488 755 eque
514 708 640 738 sacra
664 702 886 737 resonant
913 689 1130 735 examina
1155 687 1362 752 quercu?

108 761 225 825 quid
273 762 512 806 facerem?
572 775 727 821 neque
777 774 862 817 ego
901 756 1141 818 Alcippen
1186 772 1274 803 nec
1326 753 1544 817 Phyllida

242 828 490 883 habebam,

107 895 325 957 depulsos
352 911 377 940 a
402 894 522 939 lacte
549 892 676 939 domi
703 908 822 955 quae
850 891 1091 938 clauderet
1117 907 1274 952 agnos,

108 976 154 1010 et
180 975 420 1008 certamen
448 975 559 1017 erat,
588 959 811 1021 Corydon
840 975 950 1004 cum
977 958 1230 1019 Thyrside,
1255 973 1496 1019 magnum.

108 1028 358 1093 posthabui
385 1041 543 1074 tamen
571 1027 764 1072 illorum
792 1043 896 1072 mea
921 1025 1039 1072 seria
1063 1026 1190 1072 ludo.

108 1095 297 1143 alternis
322 1095 463 1156 igitur
489 1093 779 1140 contendere
807 1093 1014 1138 versibus
1041 1092 1178 1138 ambo

108 1179 340 1225 coepere·
328 1199 342 1219 ,
379 1162 581 1208 alternos
610 1162 780 1207 Musae
808 1159 1077 1206 meminisse
1103 1159 1342 1206 volebant.

106 1232 189 1279 hos
216 1229 458 1291 Corydon,
483 1228 589 1274 illos
616 1227 883 1274 referebat
872 1244 921 1272 111
948 1226 1111 1272 ordine
1139 1225 1351 1287 Thyrsis.
1507 1248 1548 1270 20

178 1299 236 1344 C.
273 1297 545 1358 Nymphae,
582 1308 739 1341 noster
774 1311 920 1351 amor,
959 1293 1275 1350 Libethrides,
1301 1305 1380 1339 aut
1410 1290 1542 1347 mihi,

240 1381 429 1410 carmen

106 1431 243 1495 quale
271 1448 378 1476 meo
405 1430 565 1476 Codro
592 1429 842 1476 concedite
872 1450 885 1485 ;
923 1428 1137 1491 proxima
1164 1426 1343 1473 Phoebi

103 1498 312 1544 versibus
337 1497 418 1543 ille
445 1497 559 1544 facit
582 1517 595 1553 ;
633 1510 729 1553 aut,
755 1497 790 1543 si
820 1513 916 1542 non
944 1512 1188 1557 possumus
1213 1511 1392 1550 omnes,

104 1565 182 1612 hic
210 1577 369 1624 arguta
395 1581 521 1610 sacra
549 1563 778 1626 pendebit
806 1563 960 1609 fistula
986 1562 1119 1624 pinu.

180 1632 231 1679 ’.Ῑῖ
268 1644 487 1693 pastores,
514 1631 686 1677 hedera
714 1641 1011 1676 crescentem
1039 1641 1200 1675 ornate
1226 1642 1429 1690 poetam,

102 1699 321 1755 Arcades,
350 1698 529 1744 invidia
553 1710 838 1759 rumpantur
866 1709 917 1742 ut
943 1695 1023 1741 ilia
1050 1695 1244 1749 Codro;

103 1779 198 1841 aut,
224 1765 258 1812 si
286 1766 407 1812 ultra
432 1764 662 1839 placitum
690 1763 910 1820 laudarit,
937 1763 1131 1809 baccare
1158 1763 1364 1809 frontem

104 1833 293 1894 cingite,
321 1849 382 1879 ne
409 1832 503 1878 vati
530 1845 700 1878 noceat
729 1831 852 1877 mala
879 1830 1040 1890 lingua
1066 1831 1242 1877 futuro.

173 1902 231 1947 C.
268 1899 429 1946 saetosi
456 1911 597 1962 caput
622 1899 712 1944 hoc
742 1898 838 1960 apri
867 1897 968 1954 tibi,
995 1897 1149 1954 Delia,
1175 1914 1344 1960 parvus

103 1981 149 2015 et
172 1985 352 2014 ramosa
380 1967 552 2013 Micon
580 1965 752 2012 vivacis
782 1982 959 2022 cornua
985 1964 1126 2011 cervi.
1507 1990 1548 2020 30

103 2035 137 2082 si
162 2034 404 2098 proprium
429 2035 520 2080 hoc
549 2032 706 2090 fuerit,
737 2033 830 2079 levi
859 2033 917 2079 de
944 2049 1175 2079 marmore
1201 2046 1299 2080 tota

101 2102 306 2177 puniceo
332 2101 471 2147 stabis
498 2118 622 2147 suras
650 2100 839 2147 evincta
867 2102 1118 2147 cothurno.

177 2170 230 2216 T.
265 2168 421 2215 sinum
447 2168 581 2215 lactis
610 2181 657 2214 et
682 2169 799 2214 haec
830 2180 877 2213 te
905 2167 1014 2224 liba,
1046 2167 1226 2229 Priape,
1255 2166 1507 2231 quotannis

104 2250 372 2298 exspectare
398 2250 464 2282 sat
491 2249 559 2282 est
583 2254 594 2282 ι
633 2248 789 2281 custos
818 2251 864 2281 es
890 2235 1107 2298 pauperis
1132 2234 1274 2282 horti.

102 2320 230 2350 nunc
257 2316 302 2349 te
328 2319 643 2349 marmoreum
669 2320 753 2364 pro
782 2316 994 2364 tempore
1021 2302 1219 2348 fecimus
1241 2323 1255 2359 ;
1291 2315 1337 2348 at
1364 2315 1430 2359 tu,

103 2369 137 2415 si
163 2370 313 2417 fetura
337 2387 525 2431 gregem
552 2369 856 2432 suppleverit,
887 2387 1051 2416 aureus
1079 2383 1192 2417 esto,

175 2438 232 2484 C.
269 2437 453 2484 Nerine
482 2438 696 2494 Galatea,
726 2438 893 2499 thymo
920 2437 1038 2483 mihi
1065 2436 1250 2484 dulcior
1276 2436 1484 2499 Hyblae,

105 2504 345 2550 candidior
370 2504 549 2566 cycnis,
576 2505 749 2550 hedera
776 2504 1022 2550 formosior
1047 2504 1164 2561 alba,

106 2586 217 2616 cum
242 2571 446 2632 primum
471 2571 588 2634 pasti
616 2584 838 2633 repetent
864 2573 1104 2634 praesepia
1129 2573 1266 2630 tauri,

105 2635 140 2682 si
167 2653 257 2699 qua
281 2637 348 2682 tui
375 2638 638 2700 Corydonis
664 2639 807 2685 habet
833 2651 879 2685 te
907 2656 1033 2696 cura,
1059 2638 1236 2687 venito,
1504 2661 1546 2690 40

180 2703 234 2750 T.
271 2703 417 2750 immo
442 2721 526 2764 ego
553 2705 788 2751 Sardoniis
814 2706 975 2752 videar
1002 2705 1088 2753 tibi
1116 2705 1312 2752 amarior
1337 2703 1506 2759 herbis,

105 2769 334 2816 horridior
358 2787 509 2828 rusco,
535 2771 742 2833 proiecta
766 2772 906 2818 vilior
931 2773 1048 2833 alga,

773 2855 800 2884 6
