1861 3256
242 259 313 297 186
689 263 733 300 P.
763 262 998 301 VERGILI
1027 263 1282 302 MARONIS

301 368 438 426 dixit,
467 385 671 431 eumque
696 368 803 414 imis
829 369 915 415 sub
939 369 1162 417 fluctibus
1188 371 1337 417 audiit
1362 371 1516 417 omnis

301 435 568 481 Nerei‘dum
597 434 866 497 Phorcique
891 437 1075 494 chorus,
1104 438 1419 500 Panopeaque
1444 438 1574 500 virgo
1591 459 1605 496 ;
1663 464 1724 493 240

301 514 347 547 et
371 514 506 563 pater
530 501 629 562 ipse
654 516 798 546 manu
826 518 994 563 magna
1021 503 1257 550 Portunus
1285 517 1479 551 euntem

299 567 506 629 inpulit:
544 566 625 612 illa
652 566 786 613 Noto
811 567 950 615 citius
974 570 1252 633 volucrique
1279 570 1443 630 sagitta

299 634 356 679 ad
383 645 554 678 terram
580 633 718 693 fugit,
746 647 794 680 et
817 648 958 697 portu
985 653 1030 681 se
1057 637 1274 682 condidit
1299 638 1411 684 alto,

299 712 401 745 tum
426 711 550 744 satus
575 699 802 758 Anchisa,
829 701 1015 748 cunctis
1042 719 1099 749 ex
1125 719 1254 749 more
1279 702 1471 760 vocatis,

296 765 526 811 victorem
551 781 720 826 magna
745 768 993 828 praeconis
1017 785 1134 816 voce
1161 769 1458 816 Cloanthum

296 832 520 889 declarat,
546 831 782 895 viridique
809 834 998 881 advelat
1024 847 1236 898 tempora
1263 836 1426 892 lauro;

297 915 590 960 muneraque
616 915 667 944 in
695 916 836 946 naves
865 913 1022 947 ternos
1048 915 1211 964 optare
1237 902 1462 948 iuvencos

295 965 499 1027 vinaque
527 978 573 1010 et
600 966 782 1026 argenti
809 984 1033 1028 magnum
1059 969 1140 1015 dat
1165 969 1287 1014 ferre
1315 969 1565 1015 talentum.

294 1031 404 1094 ipsis
429 1031 709 1094 praecipuos
737 1032 1014 1080 ductoribus
1040 1035 1171 1081 addit
1195 1037 1427 1082 honores:

293 1097 462 1145 victori
484 1098 785 1160 chlamydem
808 1112 1033 1158 auratam,
1054 1118 1196 1163 quam
1215 1101 1420 1163 plurima
1440 1103 1620 1148 circum
1664 1125 1726 1154 250

292 1182 501 1227 purpura
529 1166 799 1211 Maeandro
826 1165 1006 1228 duplici
1034 1168 1278 1214 Meliboea
1303 1168 1545 1225 cucurrit3

293 1232 602 1294 intextusque
627 1249 746 1295 puer
773 1232 994 1279 frondosa
1020 1234 1171 1294 regius
1198 1235 1282 1280 Ida

293 1299 479 1345 veloces
505 1298 661 1345 iaculo
687 1315 849 1345 cervos
876 1316 1109 1362 cursuque
1135 1301 1300 1361 fatigat

293 1382 414 1423 acer,
442 1365 687 1412 anhelanti
715 1365 897 1423 similis,
925 1383 1067 1428 quem
1093 1383 1289 1429 praepes
1315 1367 1372 1413 ab
1398 1368 1483 1413 Ida

293 1433 546 1479 sublimem
571 1432 771 1495 pedibus
799 1432 954 1495 rapuit
981 1433 1105 1479 Iovis
1131 1433 1332 1493 armiger
1358 1432 1508 1481 uncis.

293 1499 508 1559 longaevi
536 1499 713 1562 palmas
740 1499 1033 1562 nequiquam
1059 1500 1116 1546 ad
1143 1499 1294 1546 sidera
1320 1500 1529 1547 tendunt

293 1566 526 1640 custodes,
554 1566 798 1628 saevitque
827 1583 1001 1612 canum
1028 1566 1225 1613 latratus
1251 1566 1301 1613 in
1328 1584 1475 1614 auraS.

292 1644 338 1678 at
364 1632 444 1694 qui
472 1632 648 1678 deinde
674 1633 835 1678 locum
864 1632 1022 1678 tenuit
1046 1633 1223 1679 virtute
1250 1633 1530 1689 secundum,

291 1698 473 1744 levibus
499 1699 611 1745 huic
639 1699 790 1744 hamis
818 1714 1085 1745 consertam
1113 1716 1321 1762 auroque
1348 1699 1553 1746 trilicem

291 1764 503 1822 loricam,
530 1782 672 1827 quam
699 1765 937 1811 Demoleo
963 1766 1267 1811 detraxerat
1256 1783 1355 1828 ipse
1663 1781 1724 1813 260

290 1831 444 1878 victor
468 1831 594 1893 apud
620 1831 840 1894 rapidum
870 1831 1112 1877 Simoenta
1139 1832 1224 1878 sub
1252 1832 1343 1877 Ilio
1368 1833 1479 1890 alto,

290 1898 437 1944 donat
461 1898 636 1944 habere
661 1897 778 1955 viro,
806 1898 950 1944 decus
978 1911 1025 1944 et
1052 1910 1268 1944 tutamen
1295 1898 1345 1944 in
1372 1899 1526 1946 armis.

289 1964 367 2010 vix
394 1965 526 2011 illam
552 1964 719 2011 famuli
750 1965 963 2025 Phegeus
992 1965 1266 2027 Sagarisque
1293 1965 1512 2011 ferebant

290 2031 625 2093 multiplicem,
653 2031 815 2077 conixi
844 2031 1049 2088 umeris3
1086 2031 1283 2077 indutus
1309 2043 1356 2078 at
1381 2031 1496 2078 olim

289 2098 546 2144 Demoleos
573 2114 711 2144 cursu
738 2098 954 2160 palantes
981 2098 1133 2144 Troas
1159 2099 1340 2159 agebat.

291 2165 428 2210 tertia
454 2165 579 2211 dona
606 2165 722 2211 facit
747 2164 960 2226 geminos
987 2181 1044 2210 ex
1071 2181 1175 2211 aere
1203 2165 1396 2223 lebetas,

290 2231 574 2294 cymbiaque
601 2245 796 2293 argento
821 2232 1036 2294 perfecta
1062 2244 1205 2294 atque
1231 2248 1391 2294 aspera
1417 2230 1576 2292 signis.

290 2298 480 2372 iamque
505 2298 623 2344 adeo
649 2298 812 2345 donati
840 2315 1004 2344 omnes
1030 2298 1295 2372 opibusque
1321 2297 1508 2360 superbi

290 2363 505 2426 puniceis
531 2364 665 2410 ibant
691 2365 870 2411 evincti
898 2378 1110 2426 tempora
1138 2364 1316 2410 taenis:

290 2447 399 2476 cum
425 2447 561 2475 saevo
589 2447 612 2476 e
639 2431 836 2492 scopulo
862 2431 1013 2476 multa
1038 2430 1116 2475 vix
1143 2443 1240 2476 arte
1267 2429 1494 2487 revulsus,
1660 2454 1721 2484 270

291 2496 467 2542 amissis
494 2496 650 2554 remis,
678 2510 820 2559 atque
846 2496 1013 2542 ordine
1040 2496 1210 2542 debilis
1237 2513 1348 2554 uno,

290 2562 484 2609 inrisam
511 2562 612 2609 sine
637 2564 820 2608 honore
845 2574 995 2609 ratem
1023 2563 1264 2623 Sergestus
1289 2563 1470 2623 agebat.

290 2629 441 2692 qualis
468 2646 605 2691 saepe
630 2628 734 2675 viae
761 2629 1057 2692 deprensus
1046 2646 1095 2675 1n
1122 2646 1286 2704 aggere
1313 2645 1519 2691 serpens,

291 2713 425 2742 aerea
451 2712 594 2758 quem
621 2695 871 2758 obliquum
897 2709 998 2741 rota
1025 2696 1225 2753 transiit,
1252 2709 1333 2742 aut
1357 2696 1506 2756 gravis
1532 2695 1632 2742 ictu

843 2784 920 2820 274
950 2772 1098 2810 transit.
