1861 3256
537 262 811 303 AENEIDOS
840 263 944 303 LIB.
972 263 1014 301 11
1457 277 1527 315 133

92 375 313 438 optabam
339 373 543 436 primum
569 385 754 423 montes
778 372 1078 436 primumque
1104 371 1337 435 petebam,

94 443 294 502 abnegat
319 440 472 488 excisa
497 439 641 487 vitam
665 439 924 501 producere
952 440 1112 496 Troia,

95 509 408 571 exsiliumque
431 506 543 570 pati.
618 513 725 552 ‘vos
752 523 795 563 o,
822 507 989 569 quibus
1016 507 1197 567 integer
1222 503 1322 551 aevi

94 575 306 637 sanguis,’
333 575 410 631 ait,
437 579 450 599 ‘
467 573 735 636 solidaeque
762 590 844 619 suo
869 586 992 620 stant
1018 574 1182 620 robore
1209 572 1340 629 vire5‚

93 661 170 689 vos
197 642 367 704 agitate
393 642 567 703 fugam.
1471 653 1534 691 640

94 727 169 756 me
195 709 230 755 si
257 708 509 755 caelicolae
534 707 790 754 voluissent
815 706 987 753 ducere
1013 707 1170 763 vitam,

92 777 172 822 has
199 776 316 822 mihi
344 788 599 822 servassent
624 774 769 822 sedeS.
841 773 946 820 satis
973 791 1066 820 una
1092 790 1322 837 superque

93 843 296 889 vidimus
324 842 521 900 excidia,
549 855 595 889 et
621 855 783 904 captae
810 840 1128 903 superavimus
1153 841 1271 888 urbi.

92 909 156 956 sic
184 927 212 956 o
237 910 300 956 sic
327 909 532 972 positum
558 909 700 956 adfati
725 908 952 955 discedite
980 925 1161 969 corpus.

92 976 191 1039 ipse
217 993 360 1023 manu
387 989 588 1023 mortem
613 975 854 1022 inveniam
876 996 890 1033 3
927 975 1225 1021 miserebitur
1249 974 1410 1030 hostiS,

93 1043 377 1106 exuviasque
401 1056 568 1106 petet3
606 1043 755 1090 facilis
782 1042 959 1089 iactura
984 1042 1240 1105 sepulchri.

91 1110 184 1157 iam
208 1110 393 1173 pridem
418 1110 593 1157 invisus
620 1110 737 1156 divis
763 1123 810 1156 et
834 1109 1015 1156 inutilis
1043 1127 1188 1155 annos

92 1178 321 1235 demoror,
350 1194 409 1223 ex
436 1196 527 1240 quo
553 1194 629 1224 me
655 1177 815 1223 divom
840 1190 971 1239 pater
1002 1191 1139 1239 atque
1168 1174 1420 1222 hominurn
1450 1190 1532 1219 rex

92 1244 306 1291 fulminis
333 1244 521 1292 adflavit
546 1244 713 1301 ventiS,
742 1257 788 1291 et
814 1243 1014 1304 contigit
1040 1242 1165 1304 igni.'

92 1311 203 1358 talia
227 1312 461 1375 perstabat
487 1329 764 1368 memorans,
792 1311 1005 1374 fixusque
1032 1310 1266 1356 manebat.
1474 1323 1535 1360 650

93 1396 176 1425 nos
203 1393 366 1425 contra
391 1379 524 1425 effusi
551 1378 767 1436 lacrimis,
796 1378 1102 1441 coniunxque
1130 1376 1307 1423 Creusa

92 1446 416 1508 Ascaniusque
443 1445 689 1508 omnisque
715 1446 897 1502 domus,
923 1462 983 1491 ne
1009 1458 1188 1491 vertere
1215 1459 1377 1490 secum

94 1526 268 1560 cuncta
292 1527 424 1576 pater
450 1513 638 1576 fatoque
665 1512 882 1574 urguenti
908 1512 1185 1560 incumbere
1211 1511 1371 1557 vellet.

95 1580 306 1641 abnegat,
334 1579 621 1643 inceptoque
647 1593 693 1627 et
719 1579 904 1626 sedibus
929 1579 1127 1625 haeret
1117 1596 1165 1624 1n
1191 1578 1354 1624 isdem.

93 1664 246 1694 rursus
273 1647 321 1693 in
350 1665 474 1693 arma
499 1648 637 1704 feror,
664 1660 961 1708 mortemque
987 1645 1272 1691 miserrimus
1298 1658 1410 1706 opto
1435 1661 1444 1689 :

93 1731 203 1760 nam
230 1713 356 1777 quod
382 1714 632 1760 consilium
658 1727 737 1760 aut
763 1729 880 1776 quae
905 1712 998 1758 iam
1024 1713 1213 1758 fortuna
1238 1711 1469 1757 dabatur?

93 1798 234 1828 mene
260 1781 424 1827 efferre
448 1780 637 1843 pedem,
663 1780 863 1841 genitor,
889 1792 935 1826 te
960 1796 1092 1841 posse
1118 1778 1286 1825 relicto

93 1848 281 1924 sperasti
302 1851 319 1894 ?
355 1860 635 1911 tantumque
663 1847 790 1894 nefas
816 1846 967 1910 patrio
993 1845 1171 1893 excidit
1197 1863 1274 1891 ore
1295 1849 1311 1892 ?

92 1915 128 1961 si
155 1915 274 1961 nihil
303 1932 361 1961 ex
387 1927 516 1961 tanta
541 1914 714 1977 superis
742 1915 900 1977 placet
926 1914 1041 1960 urbe
1067 1913 1291 1976 relinqui,

92 1995 139 2029 et
164 1982 294 2029 sedet
318 1983 409 2028 hoc
437 1981 611 2039 animo,
635 1981 966 2045 perituraeque
993 1981 1161 2028 addere
1188 1980 1363 2027 Troiae
1477 1993 1538 2025 660

92 2062 233 2112 teque
259 2062 457 2112 tuosque
483 2049 627 2106 iuvat,
654 2062 784 2112 patet
809 2049 884 2095 isti
910 2049 1049 2095 ianua
1073 2049 1184 2106 leto,

91 2116 278 2179 iamque
305 2115 452 2162 aderit
477 2117 630 2162 multo
658 2116 831 2162 Priami
857 2116 915 2162 de
942 2115 1168 2176 sanguine
1197 2115 1416 2176 Pyrrhus,

92 2196 256 2230 natum
282 2197 391 2230 ante
417 2201 494 2229 ora
518 2182 673 2245 patris,
701 2197 883 2246 patrem
910 2183 990 2247 qui
1018 2183 1270 2229 obtruncat
1296 2181 1353 2227 ad
1379 2197 1487 2227 aras.

92 2250 181 2296 hoc
208 2263 321 2308 erat,
347 2250 467 2296 alma
492 2267 675 2313 parens,
701 2251 828 2326 quod
852 2267 928 2296 me
952 2267 1036 2313 per
1063 2250 1168 2306 tela,
1196 2266 1280 2311 per
1305 2248 1435 2309 ignes

94 2316 246 2378 eripis,
272 2331 324 2364 ut
348 2317 512 2364 mediis
537 2317 758 2364 hostem
747 2335 796 2363 1n
822 2317 1157 2380 penetralibus,
1186 2328 1335 2379 utque

94 2383 351 2431 Ascanium
375 2398 652 2449 patremque
678 2401 840 2432 meum
866 2384 1094 2448 iuxtaque
1122 2384 1353 2430 Creusam

97 2449 335 2497 alterum
324 2468 375 2497 111
401 2452 595 2499 alterius
621 2465 851 2499 mactatos
878 2452 1109 2513 sanguine
1136 2453 1368 2498 cernam?

96 2532 239 2573 arma,
265 2517 369 2575 viri,
396 2519 518 2566 ferte
545 2536 702 2566 arma:
740 2532 880 2566 vocat
906 2520 988 2566 lux
1017 2519 1187 2566 ultima
1212 2518 1380 2564 victos

96 2582 283 2628 reddite
308 2600 384 2630 me
408 2584 618 2643 Danais;
655 2586 798 2633 sinite
824 2586 1083 2633 instaurata
1109 2585 1311 2632 revisam
1476 2596 1537 2637 669

95 2648 294 2712 proelia.
365 2667 625 2715 numquam
651 2670 817 2700 omnes
841 2653 988 2700 hodie
1013 2652 1276 2699 moriemur
1301 2648 1479 2696 inulti.'

163 2715 278 2762 hinc
306 2715 431 2763 ferro
456 2718 677 2780 accingor
701 2737 872 2777 rursus,
900 2720 1156 2782 clipeoque
1183 2717 1421 2764 sinistram

637 2795 712 2843 667
742 2803 926 2836 mactato.
