1861 3256
276 274 357 313 ·44

754 263 799 302 P.
827 262 1061 302 VERGILI
1090 263 1348 303 MARONIS

371 370 609 431 cogendae
634 369 684 415 in
710 370 894 416 sulcum
921 387 972 417 ac
999 372 1148 418 multa
1173 373 1389 419 mercede
1414 372 1691 421 domandae.

370 437 449 483 sed
473 436 650 483 truncis
677 436 806 482 oleae
833 437 1016 494 melius,
1041 439 1296 501 propagine
1321 438 1438 485 vites

367 503 666 565 respondent,
695 502 842 548 solido
871 503 1073 565 Paphiae
1099 505 1155 551 de
1181 505 1344 551 robore
1369 518 1547 567 myrtus
1569 526 1583 562 ;

367 569 539 631 plantis
566 581 611 614 et
636 569 777 615 durae
805 570 950 631 coryli
978 584 1234 617 nascuntur
1259 584 1304 617 et
1329 571 1495 632 ingens

368 635 574 681 fraxinus
599 635 960 699 Herculeaeque
987 637 1116 683 arbos
1143 638 1357 684 umbrosa
1381 654 1578 684 coronae

370 701 668 764 Chaoniique
696 701 841 748 Patris
867 703 1058 763 glandes
1080 724 1095 760 3
1132 704 1273 750 etiam
1299 705 1438 750 ardua
1461 705 1616 766 palma

367 767 573 813 nascitur
598 781 644 813 et
670 784 797 814 casus
824 769 947 815 abies
974 770 1123 816 visura
1148 770 1363 817 marinos·

368 833 586 880 inseritur
610 838 720 880 vero
745 848 790 881 et
816 836 914 882 fetu
942 837 1076 883 nucis
1101 837 1289 883 arbutus
1313 837 1515 894 horrida,

367 913 414 946 et
439 900 615 946 steriles
641 901 818 963 platani
845 903 990 948 malos
1015 919 1192 964 gessere
1217 904 1424 950 valentes
1447 924 1461 959 ;
1753 929 1794 958 70

367 969 608 1012 castaneae
634 968 780 1027 fagus,
805 986 1041 1032 ornusque
1067 970 1282 1016 incanuit
1307 971 1411 1016 albo

367 1032 479 1079 flore
504 1033 610 1095 piri,
635 1034 950 1098 glandemque
977 1053 1077 1083 sues
1103 1037 1279 1097 fregere
1306 1037 1390 1083 sub
1418 1037 1572 1084 ulmiS.

434 1116 522 1146 nec
550 1100 752 1146 modus
742 1118 943 1147 inserere
971 1116 1108 1166 atque
1134 1103 1331 1150 oculos
1319 1120 1547 1166 inponere
1574 1103 1790 1166 simplex.

366 1183 475 1213 nam
502 1184 590 1229 qua
617 1184 661 1212 se
688 1167 843 1213 medio
870 1169 1065 1215 trudunt
1090 1169 1147 1215 de
1173 1170 1346 1216 cortice
1371 1186 1583 1230 gemmae

367 1247 414 1279 et
439 1246 602 1279 tenues
630 1246 860 1296 rumpunt
887 1234 1078 1291 tunicas,
1107 1249 1326 1296 angustus
1351 1237 1399 1282 in
1427 1236 1527 1299 ipso

366 1299 418 1345 fit
443 1300 568 1345 nodo
593 1299 753 1345 sinus·
740 1335 754 1354 ‚
790 1301 884 1346 huc
912 1301 1063 1347 aliena
1088 1319 1144 1348 ex
1171 1303 1329 1348 arbore
1355 1319 1546 1363 germen

365 1366 621 1413 includunt
647 1367 834 1429 udoque
859 1367 1035 1414 docent
1060 1368 1315 1414 inolescere
1341 1369 1459 1414 libro
1483 1388 1493 1415 ε

367 1445 445 1479 aut
470 1450 653 1479 rursum
680 1434 849 1479 enodes
876 1434 1031 1480 trunci
1057 1448 1341 1491 resecantur,
1368 1449 1415 1481 et
1440 1437 1532 1481 alte

367 1499 561 1546 finditur
586 1499 635 1546 in
662 1500 863 1546 solidum
890 1501 1050 1547 cuneis
1077 1501 1163 1558 via,
1190 1501 1361 1548 deinde
1386 1502 1560 1548 feraces

366 1567 552 1628 plantae
577 1566 886 1613 inmittuntur
908 1589 921 1625 ;
959 1585 1047 1614 nec
1075 1569 1269 1629 longum
1295 1581 1496 1632 tempuS,
1521 1581 1568 1615 et
1593 1568 1758 1629 ingens

367 1633 481 1679 exiit
506 1633 563 1679 ad
588 1634 772 1680 caelum
798 1634 936 1680 ramis
964 1634 1180 1681 felicibus
1206 1635 1336 1681 arbos
1752 1650 1791 1682 81

366 1699 652 1762 miraturque
679 1717 820 1745 novas
845 1701 1032 1746 frondes
1060 1714 1105 1747 et
1130 1719 1227 1747 non
1255 1719 1333 1747 sua
1357 1719 1512 1764 poma.

433 1779 667 1827 praeterea
692 1783 836 1827 genus
867 1768 993 1813 haud
1019 1785 1167 1814 unum
1194 1785 1281 1814 nec
1308 1768 1504 1814 fortibus
1530 1769 1670 1815 ulmis

367 1849 453 1878 nec
481 1833 608 1879 salici
635 1834 824 1897 lotoque
850 1851 1005 1897 neque
1030 1835 1180 1880 Idaeis
1207 1835 1458 1897 cyparissis,

366 1916 453 1945 nec
479 1899 677 1961 pingues
703 1917 847 1947 unam
873 1901 921 1946 in
949 1901 1117 1947 faciem
1144 1916 1398 1948 nascuntur
1423 1901 1589 1960 olivae,

366 1966 587 2012 orchades
613 1980 659 2012 et
685 1967 798 2013 radii
825 1980 869 2013 et
895 1985 1044 2013 amara
1067 1968 1225 2031 pausia
1250 1969 1375 2026 baca,

366 2049 597 2095 pomaque
625 2046 671 2079 et
696 2034 889 2080 Alcinoi
916 2034 1071 2090 silvae,
1100 2052 1187 2081 nec
1215 2035 1426 2081 surculus
1450 2035 1578 2082 idem

367 2099 648 2145 Crustumiis
677 2100 909 2163 Syriisque
934 2100 1044 2164 piris
1068 2102 1376 2164 gravibusque
1401 2102 1612 2149 volemis,

367 2183 463 2211 non
491 2166 653 2213 eadem
680 2167 919 2213 arboribus
945 2168 1120 2230 pendet
1143 2168 1382 2214 vindemia
1407 2168 1590 2225 nostris,

367 2249 505 2294 quam
534 2234 881 2295 Methymnaeo
907 2234 1056 2296 carpit
1081 2235 1137 2281 de
1162 2235 1358 2298 palmite
1383 2235 1556 2281 Lesbos
1579 2256 1592 2291 ;
1752 2259 1795 2290 90

367 2312 474 2345 sunt
501 2300 702 2346 Thasiae
728 2300 859 2358 vites,
887 2314 993 2347 sunt
1019 2315 1065 2347 et
1093 2302 1379 2347 Mareotides
1405 2301 1549 2356 albae,

366 2365 617 2426 pinguibus
642 2368 729 2412 hae
755 2367 888 2413 terris
912 2368 1105 2425 habiles,
1133 2368 1382 2413 levioribus
1409 2367 1531 2423 illae,

367 2444 412 2477 et
435 2449 566 2493 passo
594 2432 771 2478 Psithia
797 2434 956 2480 utilior
983 2434 1229 2497 tenuisque
1254 2434 1432 2493 Lageos

367 2510 650 2560 temptatura
674 2500 814 2560 pedes
840 2500 954 2545 olim
979 2500 1287 2563 vincturaque
1314 2500 1538 2560 linguam,

365 2582 628 2627 purpureae
653 2565 946 2628 preciaeque‚
975 2579 1021 2612 et
1048 2584 1139 2629 quo
1165 2579 1210 2612 te
1237 2567 1443 2613 carmine
1470 2567 1640 2624 dicam,

367 2631 629 2678 Rhaetica?
698 2649 786 2678 nec
813 2632 943 2678 cellis
969 2632 1074 2678 ideo
1099 2633 1333 2679 contende
1361 2633 1585 2681 Falernis.

366 2711 473 2744 sunt
499 2711 545 2745 et
568 2698 796 2745 Amineae
822 2699 954 2756 viteS,
980 2699 1238 2746 firmissima
1263 2700 1388 2756 vina,

590 2787 635 2823 71
668 2776 784 2823 fago&
898 2775 946 2813 82
976 2776 1252 2827 miratastque3
1280 2777 1521 2826 miratasque.
