1861 3256
283 267 331 308 32

727 254 771 291 P.
800 251 1033 290 VERGILI
1064 251 1320 288 MARONIS

347 363 568 408 arbuteae
593 373 739 408 crates
765 371 811 405 et
836 358 1029 420 mystica
1053 375 1231 404 vannus
1256 358 1432 404 Iacchi.

346 428 503 475 omnia
527 444 645 490 quae
671 426 822 472 multo
848 438 956 471 ante
982 442 1162 471 memor
1186 425 1368 487 provisa
1391 440 1603 485 repones,

346 494 381 541 si
408 508 453 541 te
479 494 617 554 digna
641 504 800 538 manet
825 491 972 537 divini
998 491 1143 552 gloria
1168 491 1298 538 ruris.

345 561 573 608 continuo
598 558 647 603 in
674 558 799 604 silvis
825 575 990 618 magna
1015 557 1059 603 vi
1086 557 1206 603 flexa
1230 558 1445 603 domatur

345 628 395 673 in
422 626 589 680 burim,
619 636 665 670 et
691 623 821 670 curvi
849 625 1047 670 formam
1074 623 1246 685 accipit
1272 624 1426 669 ulmus
1452 621 1604 670 aratri.
1708 647 1769 677 170

345 693 455 739 huic
483 709 506 737 a
532 691 673 752 stirpe
699 690 841 752 pedes
868 703 992 736 temo
1017 704 1263 752 protentus
1289 689 1338 734 in
1364 703 1486 746 octo,

344 759 481 805 binae
508 775 653 815 aures,
681 757 862 819 duplici
889 770 1109 831 aptantur
1134 756 1340 802 dentalia
1366 756 1497 801 dorso
1520 774 1531 802 :

345 825 555 871 caeditur
580 837 626 869 et
653 823 754 870 tilia
777 837 884 870 ante
912 823 1020 884 iugo
1047 823 1159 869 levis
1186 824 1368 884 altaque
1395 822 1524 881 fagus

345 892 552 953 stivaque
534 927 570 947 ,
596 907 713 952 quae
739 907 899 936 currus
927 907 951 935 a
977 903 1106 950 tergo
1131 902 1346 951 torqueat
1370 888 1503 945 imos,

345 971 391 1004 et
416 974 634 1019 suspensa
660 957 774 1002 focis
802 957 1013 1017 explorat
1038 956 1200 1001 robora
1225 956 1395 1001 fumus.

410 1040 596 1086 possum
623 1023 773 1068 multa
799 1023 883 1068 tibi
911 1036 1121 1068 veterum
1147 1035 1397 1083 praecepta
1422 1021 1610 1077 referre,

344 1091 393 1137 ni
419 1090 590 1150 refugis
618 1102 876 1150 tenuesque
903 1089 1030 1150 piget
1056 1105 1340 1149 cognoscere
1367 1104 1512 1133 curaS.

344 1174 446 1203 area
471 1173 580 1203 cum
606 1155 768 1217 primis
795 1155 978 1215 ingenti
1006 1155 1244 1217 aequanda
1270 1154 1485 1216 cylindro

345 1237 391 1270 et
415 1223 644 1269 vertenda
669 1239 812 1268 manu
840 1234 886 1267 et
914 1234 1040 1267 creta
1065 1221 1302 1267 solidanda
1328 1220 1498 1276 tenaci,

343 1307 403 1336 ne
429 1290 624 1336 subeant
649 1289 819 1334 herbae
847 1304 940 1333 neu
968 1288 1159 1349 pulvere
1186 1287 1310 1333 victa
1335 1287 1533 1342 fatiscat,
1710 1299 1771 1330 180

345 1370 447 1403 tum
473 1356 624 1401 variae
650 1355 872 1400 inludant
898 1368 1049 1415 pestes
1074 1372 1083 1400 :
1123 1370 1257 1415 saepe
1285 1353 1478 1412 exiguus
1503 1369 1605 1398 mus

345 1424 429 1469 sub
455 1422 582 1468 terris
608 1421 857 1483 posuitque
885 1421 1048 1466 domos
1075 1433 1212 1482 atque
1237 1421 1401 1464 horrea
1427 1418 1557 1475 fecit,

346 1503 424 1536 aut
449 1488 596 1535 oculis
623 1487 746 1549 capti
774 1488 935 1533 fodere
964 1486 1140 1532 cubilia
1165 1487 1332 1547 talpae,

345 1557 659 1617 inventusque
686 1554 808 1601 cavis
835 1554 948 1600 bufo
976 1567 1021 1599 et
1047 1570 1163 1628 quae
1190 1552 1389 1614 plurima
1414 1565 1561 1598 terrae

345 1636 549 1669 monstra
573 1623 744 1676 ferunt,
775 1621 1062 1682 populatque
1089 1620 1335 1679 ingentem
1361 1618 1492 1664 farris
1519 1633 1736 1664 acervum

345 1689 559 1736 curculio
586 1701 727 1762 atque·
749 1687 878 1748 inopi
907 1701 1123 1733 metuens
1150 1686 1346 1731 formica
1371 1698 1602 1730 senectae.

346 1756 691 1817 contemplator
717 1754 850 1810 item,
878 1770 988 1799 cum
1014 1769 1059 1798 se
1085 1769 1181 1798 nux
1208 1752 1413 1814 plurima
1439 1751 1566 1797 silvis

345 1823 510 1869 induet
536 1823 584 1867 in
611 1820 774 1867 florem
802 1835 848 1866 et
873 1837 1023 1865 ramos
1050 1818 1261 1865 curvabit
1286 1819 1465 1864 olentes
1489 1836 1500 1864 ε

345 1890 380 1935 si
407 1901 626 1950 superant
652 1888 789 1945 fetus,
818 1887 989 1949 pariter
1016 1887 1254 1932 frumenta
1279 1898 1549 1947 sequentur,

346 1972 605 2018 magnaque
632 1971 742 2001 cum
770 1970 938 2014 magno
965 1953 1122 1999 veniet
1149 1952 1313 1998 tritura
1339 1951 1491 1997 calore
1514 1971 1528 2006 ;
1714 1973 1774 2004 190

346 2036 390 2069 at
415 2023 450 2068 si
478 2021 663 2067 luxuria
691 2021 913 2067 foliorum
941 2020 1164 2065 exuberat
1190 2019 1367 2074 umbra,

347 2088 633 2163 nequiquam
659 2088 855 2150 pingues
882 2087 1014 2148 palea
1041 2099 1159 2132 teret
1185 2102 1286 2131 area
1312 2085 1507 2130 culmos.

347 2155 524 2201 semina
548 2155 644 2201 vidi
672 2155 891 2217 equidem
918 2153 1090 2199 multos
1116 2152 1347 2197 medicare
1374 2163 1591 2205 serentes,

348 2235 394 2268 et
420 2222 543 2268 nitro
569 2222 694 2283 prius
722 2235 768 2267 et
795 2221 926 2281 nigra
952 2219 1236 2281 perfundere
1263 2234 1463 2277 amurga‚

347 2289 565 2349 grandior
591 2302 643 2334 ut
670 2289 790 2333 fetus
818 2287 994 2350 siliquis
1021 2285 1263 2332 fallacibus
1289 2297 1419 2341 esset,

349 2368 411 2411 et,
437 2354 646 2417 quamvis
673 2354 771 2414 igni
801 2354 985 2412 exiguo,
1010 2364 1254 2414 properata
1278 2350 1534 2396 maderent.

349 2421 442 2467 vidi
470 2421 592 2466 lecta
617 2420 697 2466 diu
725 2433 769 2466 et
795 2421 948 2465 multo
974 2431 1177 2480 spectata
1200 2417 1358 2462 labore

349 2489 631 2548 degenerare
659 2499 833 2542 tamen,
861 2485 909 2530 ni
936 2485 1002 2530 vis
1028 2486 1234 2530 humana
1259 2481 1507 2557 quotannis

350 2554 555 2600 maxima
580 2569 790 2615 quaeque
816 2569 959 2597 manu
986 2551 1173 2610 legeret.
1245 2549 1308 2594 sic
1335 2548 1492 2594 omnia
1518 2547 1620 2593 fatis

351 2621 399 2684 in
424 2620 600 2694 peius
580 2636 716 2665 ruere
742 2635 792 2664 ac
819 2631 942 2663 retro
967 2617 1180 2677 sublapsa
1204 2615 1380 2671 referri,
1711 2637 1772 2658 2co

351 2704 448 2733 non
470 2679 642 2732 aliter
635 2684 774 2749 quam
799 2684 878 2748 qui
904 2684 1092 2730 adverso
1117 2682 1194 2727 vix
1221 2681 1415 2727 flumine
1442 2681 1653 2726 lembum

890 2760 958 2798 181
992 2760 1184 2798 inludunt.
