1861 3256
247 242 298 282 72

695 233 739 270 P.
767 231 1002 270 VERGILI
1032 233 1290 272 MARONIS

311 341 437 387 inter
461 352 742 387 cunctantes
769 338 942 386 cecidit
966 340 1244 387 moribunda
1269 341 1520 388 ministros.

313 419 392 453 aut
417 407 452 452 si
479 422 620 468 quam
645 406 768 450 ferro
793 419 1075 453 mactaverat
1099 421 1207 454 ante
1234 407 1458 464 sacerdos,

312 473 422 519 inde
449 488 602 533 neque
629 471 842 532 inpositis
867 472 1030 519 ardent
1055 473 1214 519 altaria
1239 473 1379 531 fibris,
1672 499 1735 530 490

313 555 402 585 nec
427 554 646 599 responsa
668 550 823 612 potest
848 540 1089 585 consultus
1115 540 1305 586 reddere
1331 552 1475 596 vates,

313 622 364 651 ac
390 604 467 649 vix
494 603 719 664 suppositi
745 604 994 664 tinguntur
1018 606 1241 666 sanguine
1267 606 1405 652 cultri

312 686 586 731 summaque
611 669 771 716 ieiuna
795 670 922 717 sanie
949 670 1209 718 infuscatur
1233 673 1422 718 harena.

312 736 425 782 hinc
452 735 582 781 laetis
607 736 747 782 vituli
773 737 914 797 vulgo
939 738 1205 784 moriuntur
1229 737 1278 783 in
1302 738 1458 784 herbis

312 815 359 848 et
384 802 546 848 dulces
571 801 748 848 animas
772 803 914 865 plena
940 804 998 850 ad
1021 804 1256 866 praesepia
1282 805 1486 851 reddunt
1511 825 1525 861 ;

311 868 425 914 hinc
452 867 645 914 canibus
672 869 852 915 blandis
878 870 1026 916 rabies
1051 870 1200 927 venit,
1226 884 1272 917 et
1297 871 1447 933 quatit
1472 887 1627 932 aegros

313 935 446 981 tussis
471 935 639 981 anhela
664 952 766 981 sues
792 953 843 982 ac
870 936 1084 983 faucibus
1111 937 1239 997 angit-
1262 937 1427 983 obesis.

309 1001 485 1058 labitur
510 1000 679 1047 infelix
705 1002 967 1049 studiorum
992 1016 1131 1066 atque
1157 1003 1392 1049 inmemor
1416 1004 1587 1050 herbae

312 1067 462 1114 victor
487 1084 635 1129 equus
660 1068 904 1130 fontesque
931 1070 1155 1116 avertitur
1180 1083 1226 1116 et
1250 1070 1369 1132 pede
1397 1084 1567 1116 terram

1468 648 1484 669 N

313 1134 474 1180 crebra
500 1134 607 1180 ferit
630 1155 644 1190 3
679 1134 904 1180 demissae
931 1152 1077 1193 aures,
1103 1136 1312 1182 incertus
1339 1136 1514 1182 ibidem
1675 1161 1738 1191 500

312 1201 449 1246 sudor
475 1213 521 1246 et
547 1201 628 1246 ille
654 1200 846 1263 quidem
871 1201 1104 1248 morituris
1130 1203 1338 1263 frigidus,
1366 1217 1462 1249 aret

311 1267 448 1329 pellis
475 1279 522 1312 et
548 1267 606 1313 ad
633 1280 811 1313 tactum
837 1268 1055 1315 tractanti
1080 1269 1193 1315 dura
1217 1269 1404 1315 resistit.
1671 1296 1695 1324 s

311 1335 428 1379 haec
454 1346 561 1380 ante
587 1333 786 1379 exitium
812 1334 975 1395 primis
1000 1335 1113 1381 dant
1137 1335 1266 1395 signa
1291 1335 1454 1381 diebus
1477 1356 1490 1392 3

311 1400 381 1446 sin
408 1399 456 1445 in
482 1417 700 1462 processu
727 1400 885 1461 coepit
911 1401 1185 1447 crudescere
1209 1401 1411 1457 morbus,

312 1479 415 1513 tum
440 1483 550 1513 vero
576 1467 788 1513 ardentes
814 1466 939 1512 oculi
966 1481 1106 1530 atque
1132 1480 1352 1513 attractus
1377 1468 1434 1513 ab
1459 1468 1555 1514 alto

311 1533 512 1595 spiritus,
539 1533 780 1579 interdum
805 1533 982 1594 gemitu
1008 1533 1169 1594 gravis,
1197 1533 1382 1597 imaque
1407 1534 1548 1594 longo

312 1600 390 1645 ilia
416 1600 625 1660 singultu
653 1600 871 1657 tendunt,
899 1600 936 1646 it
962 1600 1150 1646 naribus
1177 1614 1273 1646 ater

311 1666 493 1726 sanguis
520 1680 565 1712 et
592 1666 791 1712 obsessas
818 1667 974 1712 fauces
999 1666 1172 1728 premit
1197 1684 1355 1729 aspera
1381 1667 1555 1728 lingua.

310 1732 489 1794 profuit
514 1732 689 1778 inserto
715 1732 873 1778 latices
899 1732 1149 1779 infundere
1176 1749 1322 1779 cornu

311 1800 520 1845 Lenaeos
543 1819 557 1855 ;
594 1816 647 1844 ea
670 1799 765 1844 visa
790 1800 907 1845 salus
934 1799 1242 1846 morientibus
1266 1816 1359 1845 una
1380 1820 1394 1856 ;
1679 1825 1740 1854 510

311 1882 423 1912 mox
448 1878 545 1911 erat
569 1866 660 1911 hoc
687 1865 840 1927 ipsum
867 1865 1026 1924 exitio,
1053 1866 1277 1928 furiisque
1303 1865 1468 1912 refecti

312 1933 537 1978 ardebant
562 1931 745 1994 ipsique
771 1949 873 1978 suos
900 1932 991 1978 iam
1017 1946 1168 1978 morte
1195 1933 1278 1978 sub
1305 1948 1506 1992 aegra—

313 1998 359 2044 di
387 1998 581 2044 meliora
606 1998 694 2060 piis
722 2015 1022 2062 erroremque
1048 1999 1257 2045 hostibus
1282 2000 1421 2045 illum
1445 2000 1517 2046 !—

312 2065 521 2111 discissos
547 2065 685 2111 nudis
712 2065 955 2112 laniabant
980 2065 1200 2112 dentibus
1226 2079 1364 2113 artus.

312 2148 423 2178 ecce
449 2145 606 2178 autem
632 2132 749 2178 duro
774 2132 958 2178 fumans
984 2133 1068 2178 sub
1093 2149 1283 2178 vomere
1309 2146 1466 2179 taurus

312 2198 521 2244 concidit
545 2211 592 2244 et
618 2199 819 2245 mixtum
845 2199 1020 2261 spumis
1045 2199 1193 2246 vomit
1217 2216 1295 2246 ore
1320 2215 1534 2245 cruorem

313 2278 640 2327 extremosque
668 2265 760 2312 ciet
785 2265 999 2326 gemitUS.
1069 2265 1105 2312 it
1132 2265 1271 2312 tristis
1298 2278 1447 2311 arator

311 2344 599 2376 maerentem
625 2332 881 2392 abiungens
907 2333 1108 2378 fraterna
1133 2346 1280 2379 morte
1305 2331 1576 2388 iuvencum,

314 2409 453 2459 atque
480 2414 619 2458 opere
645 2398 694 2443 in
721 2398 878 2444 medio
903 2398 1057 2444 defixa
1082 2398 1311 2460 relinquit
1337 2411 1498 2445 aratra.

312 2480 407 2509 non
435 2463 626 2509 umbrae
652 2463 854 2509 altorum
875 2481 1137 2538 nemorum,
1160 2480 1256 2509 non
1276 2464 1438 2510 mollia
1462 2478 1656 2525 possunt

310 2542 440 2591 prata
464 2545 652 2576 movere
678 2530 906 2588 animum,
934 2547 1030 2576 non
1057 2530 1135 2592 qui
1162 2547 1244 2605 per
1269 2547 1374 2576 saxa
1398 2532 1586 2577 volutus
1673 2555 1731 2584 521

310 2596 472 2658 purior
496 2596 672 2642 electro
696 2613 916 2658 campum
942 2597 1061 2659 petit
1086 2597 1268 2642 amnis·
1254 2632 1269 2651 ,
1306 2610 1352 2643 at
1377 2597 1470 2643 ima

312 2663 558 2709 solvuntur
582 2662 727 2708 latera
754 2676 894 2725 atque
920 2663 1078 2709 oculos
1105 2676 1266 2725 stupor
1291 2677 1460 2724 urguet
1485 2663 1673 2719 inertes,

619 2749 691 2789 513
724 2741 977 2789 ardoremque.
1092 2749 1165 2790 519
1195 2740 1356 2790 reliquit.
