1866 3208
554 229 830 269 AENEIDOS
860 230 964 269 LIB.
993 230 1058 269 VI
1479 239 1555 278 209

123 351 372 403 postquam
397 338 534 384 illum
562 337 655 384 vita
680 337 831 384 victor
856 337 1071 400 spoliavit
1095 336 1327 393 Achilles,

123 406 365 454 Dardanio
389 407 579 452 Aeneae
605 420 700 450 sese
725 404 1001 452 fortissimus
1025 406 1160 451 heros

124 473 363 521 addiderat
388 472 584 528 socium,
609 488 705 517 non
731 470 952 518 inferiora
977 485 1179 519 secutus.
1501 495 1562 525 170

125 540 206 587 sed
231 554 334 587 tum
359 540 477 586 forte
504 555 615 585 cava
639 537 753 584 dum
779 552 996 600 personat
1022 555 1221 602 aequora
1245 538 1443 595 concha,

125 608 336 664 demens,
361 620 407 654 et
433 620 572 653 cantu
599 619 735 652 vocat
760 605 809 651 in
837 606 1094 652 certamina
1118 605 1265 663 divos,

127 675 338 721 aemulus
365 687 617 735 exceptum
645 672 833 729 Triton,
863 672 897 718 si
924 673 1114 719 credere
1140 673 1338 733 dignum
1364 686 1445 730 est,

126 741 251 788 inter
277 758 382 788 saxa
406 740 560 787 virum
587 757 801 802 spumosa
826 740 1103 787 inmerserat
1130 741 1269 787 unda.

126 824 234 868 ergo
259 825 420 855 omnes
447 824 617 869 magno
643 807 825 854 circum
852 807 1055 854 clamore
1082 807 1360 864 fremebant,

125 875 378 937 praecipue
403 875 506 937 pius
531 875 730 921 Aeneas.
804 888 905 920 tum
932 874 1052 920 iussa
1079 873 1299 935 Sibyllae,

124 942 253 988 haud
277 959 419 998 mora,
446 941 670 988 festinant
695 940 861 988 flentes
888 957 1106 1004 aramque
1132 940 1370 1004 sepulchri

125 1025 378 1069 congerere
405 1009 644 1055 arboribus
671 1009 896 1072 caeloque
923 1009 1123 1055 educere
1150 1020 1349 1055 certant.

123 1076 218 1122 itur
243 1076 292 1122 in
320 1076 560 1139 antiquam
588 1076 766 1133 silvam,
795 1076 975 1122 stabula
1000 1076 1093 1122 alta
1116 1075 1354 1130 ferarum;

123 1143 446 1205 procumbunt
471 1143 663 1205 piceae3
701 1157 831 1190 sonat
857 1143 951 1190 icta
976 1143 1218 1190 securibus
1242 1141 1368 1196 ilex;
1507 1153 1567 1187 180

125 1209 457 1273 fraxineaeque
484 1210 633 1256 trabes
660 1211 824 1257 cuneis
850 1224 896 1257 et
922 1210 1061 1256 fissile
1086 1209 1228 1255 robur

124 1276 388 1334 scinditur;
425 1277 684 1324 advolvunt
709 1278 926 1353 ingentes
953 1276 1193 1324 montibus
1220 1293 1371 1323 ornos.

127 1360 215 1391 nec
241 1361 338 1390 non
364 1345 548 1391 Aeneas
574 1362 713 1407 opera
737 1345 860 1392 inter
884 1345 995 1392 talia
1019 1344 1199 1420 primus

125 1412 341 1458 hortatur
367 1411 513 1458 socios
539 1412 823 1487 paribusque
850 1412 1115 1472 accingitur
1139 1411 1292 1458 armis.

128 1491 266 1541 atque
291 1478 445 1525 haec
434 1496 531 1540 1pse
558 1496 639 1525 suo
665 1479 783 1525 tristi
811 1496 921 1525 cum
948 1479 1088 1525 corde
1113 1478 1311 1534 volutat,

127 1559 366 1608 aspectans
393 1545 592 1592 silvam
581 1563 862 1603 inmensam,
888 1559 934 1592 et
960 1546 1023 1592 sic
1050 1546 1171 1592 forte
1196 1558 1443 1607 precatur:

127 1613 163 1659 si
190 1629 320 1660 nunc
349 1630 393 1660 se
421 1613 555 1659 nobis
582 1613 662 1659 ille
690 1630 854 1660 aureus
881 1614 1042 1659 arbore
1066 1629 1222 1658 ramus

127 1679 342 1727 ostendat
368 1697 560 1726 nemore
587 1680 636 1726 in
663 1680 821 1727 tanto!
863 1680 1052 1742 quando
1078 1679 1237 1726 omnia
1261 1694 1368 1725 vere

125 1748 218 1793 heu
246 1746 449 1793 nimium
476 1747 533 1793 de
560 1761 605 1793 te
630 1760 771 1804 vates,
801 1747 1008 1803 Misene,
1034 1747 1193 1793 locuta
1217 1745 1314 1792 est.'

124 1813 204 1859 vix
231 1830 283 1860 ea
308 1814 428 1860 fatus
455 1828 564 1871 erat,
592 1814 808 1875 geminae
836 1831 947 1861 cum
973 1814 1091 1860 forte
1119 1813 1368 1860 columbae
1508 1837 1569 1870 190

98 1928 108 1940 .
125 1880 224 1942 ipsa
250 1880 334 1927 sub
361 1899 438 1927 ora
464 1881 551 1927 viri
580 1882 710 1928 caelo
735 1898 908 1928 venere
934 1882 1147 1928 volantes

126 1961 172 1994 et
196 1947 333 1994 viridi
363 1948 520 1995 sedere
547 1949 660 1996 solo.
735 1963 836 1996 tum
862 1949 1095 1995 maximus
1119 1950 1254 1995 heros

125 2029 355 2061 maternas
382 2016 623 2076 adgnoscit
650 2033 768 2073 aves,
799 2017 1044 2079 laetusque
1070 2029 1314 2078 precatur:

129 2095 224 2128 este
251 2082 410 2139 duces,
436 2100 480 2139 o,
505 2083 540 2128 si
568 2100 659 2146 qua
684 2084 759 2129 via
785 2096 865 2140 est,
895 2099 1180 2146 cursumque
1206 2100 1290 2145 per
1316 2098 1445 2129 auras

126 2148 324 2210 derigite
350 2149 398 2195 in
426 2150 574 2207 lucos,
601 2150 681 2196 ubi
708 2150 938 2212 pinguem
964 2150 1091 2197 dives
1118 2162 1282 2212 opacat

125 2233 280 2262 ramus
307 2218 524 2263 humum.
597 2231 742 2279 tuque
769 2235 796 2264 o
822 2217 976 2264 dubiis
1002 2234 1063 2264 ne
1089 2216 1236 2264 defice
1262 2216 1417 2274 rebus,

126 2282 232 2329 diva
257 2282 451 2345 parens?
525 2283 588 2330 sic
617 2285 779 2331 effatus
806 2284 999 2346 vestigia
1023 2284 1190 2347 pressit

127 2349 388 2408 observans,
413 2368 531 2414 quae
558 2351 687 2412 signa
711 2352 880 2408 ferant,
906 2369 1000 2415 quo
1027 2351 1219 2399 tendere
1246 2362 1456 2413 pergant.

127 2430 367 2478 pascentes
393 2418 502 2465 illae
528 2430 715 2465 tanturn
739 2419 929 2482 prodire
953 2419 1176 2476 volando,

129 2496 361 2545 quantum
386 2485 483 2532 acie
509 2499 698 2547 possent
722 2486 850 2532 oculi
877 2503 1057 2533 servare
1082 2497 1384 2549 sequentum.
1504 2507 1566 2532 200

129 2549 241 2596 inde
268 2550 347 2596 ubi
372 2569 543 2599 venere
569 2553 626 2600 ad
652 2554 808 2600 fauces
833 2569 972 2614 grave
997 2553 1167 2600 olentis
1193 2552 1391 2610 Averni,

130 2616 309 2663 tollunt
333 2634 380 2664 se
406 2619 578 2666 celeres
604 2620 936 2683 liquidumque
961 2637 1045 2683 per
1071 2627 1173 2667 aera
1198 2620 1350 2682 lapsae

129 2683 315 2730 sedibus
341 2685 507 2746 optatis
533 2687 722 2746 gemina
744 2704 882 2749 super
907 2687 1068 2734 arbore
1094 2687 1271 2743 sidunt,

348 2772 419 2809 177
449 2763 660 2811 sepulchro.
720 2764 793 2801 186
824 2777 928 2803 voce.
1007 2775 1082 2813 203
1105 2763 1289 2812 getninae.

814 2826 840 2855 P
