1861 3256
210 241 262 279 60

659 241 702 278 P.
731 239 966 277 VERGILI
994 240 1252 297 MARONIS

277 359 431 394 cetera
458 364 546 393 nec
575 347 754 392 feturae
780 345 947 391 habilis
972 363 1060 393 nec
1085 347 1218 394 fortis
1243 347 1413 394 aratris,

276 414 470 469 interea,
499 425 683 474 superat
708 412 920 471 gregibus
945 413 1057 459 dum
1083 414 1202 460 laeta
1227 414 1451 470 iuventaS‚

277 481 404 526 solve
430 496 575 526 mares
599 498 612 534 3
649 478 785 524 mitte
812 478 862 524 in
888 479 1125 526 Venerem
1149 480 1369 543 pecuaria
1395 480 1586 542 primus,

277 560 416 608 atque
444 545 580 591 aliam
607 561 665 590 ex
691 544 780 590 alia
805 547 1071 604 generando
1097 548 1253 593 suffice
1278 547 1474 609 prolem.

277 612 454 674 optima
479 627 690 673 quaeque
717 610 813 656 dies
839 612 1016 658 miseris
1044 613 1314 659 mortalibus
1341 613 1439 659 aevi

275 678 425 740 prima
449 677 568 736 fugit
591 697 605 733 3
641 678 844 724 subeunt
869 679 1018 725 morbi
1045 680 1276 742 tristisque
1303 693 1518 726 senectus

277 758 323 790 et
348 744 492 799 labor,
522 757 568 790 et
593 744 735 790 durae
761 745 880 806 rapit
905 746 1212 792 inclementia
1238 746 1413 792 mortis.

276 827 459 872 semper
485 823 637 866 erunt,
666 828 862 873 quarum
888 812 1055 858 mutari
1082 830 1271 874 corpora
1297 812 1429 858 malis
1452 831 1462 859 :

275 894 458 938 semper
484 877 610 922 enim
636 877 775 943 refice
802 895 869 935 ac,
897 896 957 924 ne
983 892 1084 941 post
1109 879 1269 925 amissa
1293 879 1514 942 requiras,
1657 905 1698 937 70

275 943 514 999 anteveni,
541 956 587 989 et
613 944 824 990 subolem
851 958 1064 991 armento
1089 946 1246 992 sortire
1273 946 1537 1009 quotannis,

344 1026 431 1056 nec
459 1027 555 1055 non
583 1023 628 1056 et
652 1011 813 1072 pecori
841 1026 907 1058 est
931 1012 1057 1058 idem
1083 1013 1292 1058 delectus
1317 1012 1508 1075 equino.

275 1090 326 1123 tu
352 1077 510 1133 modo,
536 1094 650 1139 quos
675 1077 723 1122 in
751 1094 880 1138 spem
907 1092 1075 1125 statues
1100 1079 1374 1125 submittere
1399 1078 1564 1139 gentis,

274 1143 583 1206 praecipuum
610 1143 701 1189 iam
728 1143 839 1189 inde
865 1162 889 1190 a
915 1145 1084 1191 teneris
1109 1146 1314 1207 inpende
1341 1146 1564 1192 laborem.

276 1210 506 1256 continuo
531 1210 710 1272 pecoris
736 1211 946 1270 generosi
972 1212 1129 1273 pullus
1154 1212 1202 1257 in
1230 1212 1343 1257 arvis

276 1277 411 1323 altius
437 1277 696 1337 ingreditur
722 1290 767 1322 et
793 1277 954 1322 mollia
979 1295 1112 1324 crura
1137 1278 1353 1340 reponit3

274 1343 451 1404 primus
478 1357 523 1389 et
550 1344 614 1389 ire
641 1343 764 1389 viam
791 1357 836 1389 et
861 1343 1025 1389 fluvios
1051 1357 1279 1406 temptare
1305 1344 1536 1391 minantes

275 1410 429 1466 audet,
458 1424 504 1456 et
529 1409 689 1470 ignoto
716 1427 810 1456 sese
838 1410 1132 1457 committere
1159 1410 1306 1472 ponti,

275 1493 364 1522 nec
391 1493 531 1522 vanos
556 1478 713 1523 horret
739 1478 975 1539 strepitus.
1044 1477 1115 1523 illi
1143 1477 1282 1523 ardua
1307 1477 1464 1523 cervix

276 1556 585 1605 argutumque
613 1557 768 1606 caput,
798 1544 948 1590 brevis
974 1544 1101 1590 alvus
1127 1544 1354 1607 obesaque
1382 1558 1523 1604 terga,
1660 1558 1703 1591 80

276 1609 574 1672 luxuriatque
603 1611 711 1656 toris
737 1611 999 1657 animosum
1023 1623 1201 1673 pectus.
1271 1611 1455 1657 honesti

275 1677 481 1738 spadices
506 1677 768 1739 glaucique,
799 1678 928 1722 color
953 1677 1229 1723 deterrimus
1255 1677 1369 1723 albis

275 1756 322 1789 et
346 1744 487 1803 gilvo.
558 1757 676 1800 tum,
703 1743 736 1789 si
763 1761 854 1806 qua
880 1760 1047 1789 sonum
1072 1744 1237 1806 procul
1264 1761 1389 1790 arma
1413 1744 1601 1801 dedere,

274 1822 391 1856 stare
417 1810 523 1856 loco
548 1810 713 1866 nescit,
742 1811 885 1856 micat
911 1811 1096 1856 auribus
1122 1824 1169 1857 et
1195 1811 1354 1857 tremit
1379 1824 1517 1866 artus,

274 1877 626 1939 collectumque
652 1894 868 1938 premens
896 1877 1041 1922 volvit
1066 1877 1150 1923 sub
1177 1877 1400 1923 naribus
1388 1894 1564 1937 ignem.

273 1943 415 1989 densa
440 1943 565 2000 iuba,
591 1956 637 1989 et
662 1943 827 1989 dextro
854 1944 1021 1989 iactata
1046 1944 1281 1990 recumbit
1306 1944 1355 1989 in
1382 1960 1545 1997 armo;

274 2023 319 2056 at
343 2010 517 2071 duplex
545 2010 692 2070 agitur
718 2027 799 2071 per
825 2011 1009 2056 lumbos
1036 2010 1182 2073 spina,
1209 2023 1432 2072 cavatque

275 2077 495 2123 tellurem
522 2090 566 2122 et
593 2077 739 2122 solido
765 2077 963 2137 graviter
988 2090 1119 2123 sonat
1145 2077 1319 2137 ungula
1345 2093 1508 2124 cornu.

275 2143 378 2189 talis
403 2143 650 2205 Amyclaei
677 2143 879 2189 domitus
909 2144 1114 2190 Pollucis
1139 2143 1331 2190 habenis

275 2209 492 2270 Cyllarus
519 2223 577 2267 et,
606 2227 807 2273 quorum
834 2211 949 2257 Grai
975 2211 1231 2257 meminere
1256 2223 1434 2272 poetae,
1661 2233 1704 2266 90

275 2277 444 2322 Martis
472 2277 578 2339 equi
607 2277 784 2338 biiuges
811 2291 857 2323 et
883 2277 1038 2339 magni
1065 2295 1224 2323 currus
1248 2276 1446 2323 Achilli.

274 2342 375 2388 talis
401 2356 446 2388 et
470 2343 566 2404 ipse
593 2344 751 2390 iubam
778 2344 961 2390 cervice
988 2344 1154 2390 effudit
1179 2343 1350 2406 equina

274 2409 482 2469 coniugis
509 2410 712 2456 adventu
739 2411 906 2471 pernix
935 2412 1174 2466 Saturnus,
1201 2423 1247 2456 et
1271 2410 1420 2456 altum

276 2475 442 2522 Pelion
467 2476 659 2522 hinnitu
686 2477 868 2536 fugiens
894 2477 1096 2538 inplevit
1121 2489 1272 2523 acuto.

340 2544 469 2589 hunc
498 2560 701 2606 quoque,
727 2543 807 2588 ubi
833 2556 910 2589 aut
935 2543 1099 2588 morbo
1124 2543 1270 2604 gravis
1295 2556 1374 2589 aut
1399 2541 1491 2589 iam
1516 2541 1699 2603 segnior

408 2626 541 2655 annis

272 2675 446 2733 deficit,
474 2676 591 2722 abde
616 2676 756 2722 domo
781 2693 869 2722 nec
897 2676 1022 2738 turpi
1048 2676 1235 2736 ignosce
1261 2689 1492 2722 senectae.

316 2754 363 2803 63
395 2754 585 2793 iuventus.
698 2754 747 2803 69
777 2753 912 2793 mavis.
1023 2766 1072 2803 72
1103 2754 1272 2792 dilectus.
1384 2753 1432 2804 85
1463 2754 1641 2792 fremens.
