1861 3256
537 266 871 306 GEORGICON
901 268 1005 306 ΠΒ.
1033 268 1076 305 11
1508 279 1561 318 45

128 374 351 422 Tmolius
376 373 579 435 adsurgit
603 373 770 438 quibus
797 387 843 420 et
869 391 952 420 rex
979 374 1075 438 ipse
1105 375 1345 422 Phanaeus
1367 395 1382 429 3

126 441 397 505 Argitisque
423 441 591 499 minor,
621 441 697 487 cui
724 458 821 487 non
849 442 1099 489 certaverit
1126 443 1223 488 ulla

129 522 209 556 aut
235 522 422 556 tantum
448 508 595 555 fluere
624 521 706 554 aut
733 507 933 554 totidem
960 509 1125 555 durare
1150 527 1233 572 per
1258 527 1419 557 annos.
1507 536 1567 556 100

128 593 225 623 non
253 592 337 636 ego
362 589 425 633 te,
450 576 518 622 dis
546 589 590 622 et
616 575 788 621 mensis
817 589 1014 638 accepta
1040 577 1270 634 secundis,

127 643 408 700 transierim,
434 642 637 700 Rhodia,
665 657 710 689 et
737 642 945 698 tumidi5‚
976 643 1216 702 Bumaste‚
1242 644 1455 691 racemis.

127 710 208 757 sed
232 727 385 774 neque
405 727 548 774 quam
567 710 747 756 multae
768 709 965 773 specieS,
986 727 1075 756 nec
1102 711 1297 757 nomina
1318 729 1435 775 quae
1455 711 1564 767 sint,

128 791 196 824 est
211 794 436 824 numerus
452 798 466 834 ;
493 794 648 841 neque
667 777 796 823 enim
813 793 1016 823 numero
1033 778 1372 840 comprendere
1390 778 1534 825 refert
1551 798 1565 834 ;

126 861 270 908 quem
296 843 374 907 qui
401 844 520 891 scire
546 844 676 900 velit,
707 844 878 905 Libyci
905 843 1019 890 velit
1046 845 1254 908 aequoris
1280 845 1407 892 idem

126 911 306 958 discere
332 928 474 974 quam
500 911 678 957 multae
708 910 937 974 Zephyro
963 911 1212 958 turbentur
1237 913 1457 968 harenae,

127 990 205 1024 aut
230 978 310 1024 ubi
337 977 532 1039 navigiis
559 977 814 1024 violentior
840 977 1011 1024 incidit
1038 979 1204 1037 Eurus,

126 1062 259 1092 nosse
285 1058 399 1108 quot
424 1044 549 1091 Ionii
577 1045 775 1091 veniant
803 1045 861 1092 ad
886 1045 1022 1091 litora
1048 1045 1237 1093 fluctus.

191 1129 280 1159 nec
305 1128 416 1158 vero
442 1124 593 1159 terrae
620 1112 743 1159 ferre
770 1129 935 1159 omnes
962 1112 1121 1158 omnia
1145 1127 1355 1175 possunt.

124 1179 401 1226 fluminibus
430 1179 594 1226 salices
621 1179 878 1244 crassisque
905 1180 1154 1250 paludibus
1180 1180 1275 1227 alni
1507 1206 1567 1227 110

125 1259 400 1305 nascuntur,
429 1246 606 1294 steriles
635 1247 804 1294 saxosis
832 1247 1074 1293 montibus
1099 1247 1239 1293 orni·
1224 1283 1240 1302 ,

124 1313 259 1360 litora
285 1314 500 1376 myrtetis
528 1314 817 1361 laetissima·
805 1335 818 1372 ;
857 1313 1065 1378 denique
1091 1328 1274 1377 apertos

124 1381 339 1428 Bacchus
364 1394 487 1428 amat
515 1381 677 1439 colles,
705 1382 1000 1446 Aquilonem
1026 1395 1072 1428 et
1098 1382 1270 1442 frigora
1295 1382 1406 1430 taxi.

123 1448 279 1511 aspice
306 1460 353 1495 et
379 1449 599 1495 extremis
628 1448 864 1495 domitum
893 1449 1155 1495 cultoribus
1181 1449 1347 1496 orbem

124 1516 337 1579 ansque
363 1516 525 1562 domos
553 1516 765 1562 Arabum
794 1516 1044 1580 pictosque
1069 1515 1285 1562 Gelonos
1310 1535 1321 1563 :

123 1582 298 1629 divisae
325 1582 565 1629 arboribus
594 1582 790 1646 patriae.
864 1584 960 1630 sola
986 1581 1124 1629 India
1148 1583 1337 1643 nigrum

122 1650 214 1697 fert
238 1649 495 1708 hebenum,
525 1650 632 1696 solis
662 1663 728 1696 est
756 1663 891 1696 turea
917 1649 1045 1710 virga
1074 1649 1274 1696 Sabaeis.

122 1717 237 1781 quid
264 1716 347 1763 tibi
374 1716 566 1763 odorato
595 1716 796 1762 referam
825 1716 1044 1763 sudantia
1070 1716 1199 1777 ligno

122 1785 420 1847 balsamaque
449 1796 495 1830 et
521 1784 656 1830 bacas
690 1800 873 1847 semper
900 1783 1165 1830 frondentis
1193 1783 1418 1831 acanthi?

122 1851 237 1915 quid
261 1868 456 1897 nemora
479 1851 778 1914 Aethiopum
811 1850 945 1897 molli
974 1851 1195 1897 canentia
1219 1852 1338 1907 lana,
1508 1877 1568 1898 120

121 1918 389 1982 velleraque
416 1932 469 1965 ut
494 1918 619 1965 foliis
649 1918 911 1981 depectant
937 1918 1099 1964 tenuia
1128 1919 1258 1965 Seres
1283 1939 1295 1975 3

122 1998 202 2032 aut
228 2003 342 2048 quos
369 1985 568 2032 Oceano
595 1985 787 2048 propior
818 1984 938 2046 gerit
966 1985 1100 2031 India
1124 1985 1271 2043 lucos,

122 2053 320 2100 extremi
347 2052 472 2100 sinus
500 2052 641 2110 orbis,
668 2052 747 2098 ubi
782 2059 884 2098 ae'ra
908 2052 1102 2099 vincere
1129 2071 1367 2101 summum

122 2120 295 2167 arboris
320 2120 447 2167 haud
472 2121 599 2167 ullae
625 2120 752 2167 iactu
785 2133 981 2182 potuere
1009 2120 1197 2181 sagittae
1218 2124 1234 2167 ?

122 2200 169 2235 et
193 2205 306 2249 gens
331 2187 413 2234 illa
439 2188 633 2251 quidem
661 2187 858 2250 sumptis
889 2205 986 2234 non
1015 2188 1144 2234 tarda
1167 2189 1414 2251 pharetris.

124 2255 292 2302 Media
318 2255 411 2302 fert
435 2255 590 2303 tristes
615 2273 749 2303 sucos
780 2255 1063 2319 tardumque
1091 2273 1298 2318 saporem

122 2323 274 2370 felicis
301 2323 430 2380 mali,
456 2341 549 2387 quo
575 2340 672 2370 non
701 2323 996 2386 praesentius
1022 2323 1190 2380 ullum,

123 2391 291 2465 pocula
315 2391 350 2437 si
377 2392 567 2455 quando
594 2408 752 2438 saevae
781 2391 993 2437 infecere
1019 2408 1248 2437 novercae

123 2456 509 2522 miscueruntque
534 2459 701 2506 herbas
730 2471 776 2505 et
803 2476 900 2505 non
931 2458 1128 2505 innoxia
1152 2458 1308 2515 verba,

125 2523 350 2571 auxilium
375 2525 508 2573 venit
534 2543 587 2573 ac
614 2525 838 2573 membris
868 2526 960 2587 agit
988 2538 1084 2572 atra
1109 2543 1308 2572 venena.
1507 2549 1567 2579 130

125 2590 222 2653 ipsa
246 2589 410 2651 ingens
435 2593 566 2640 arbos
594 2593 862 2657 faciemque
891 2593 1134 2639 simillima
1159 2593 1326 2640 lauro·
1313 2614 1327 2650 3

126 2670 188 2715 et,
215 2655 250 2703 si
277 2673 373 2704 non
400 2659 544 2706 alium
569 2660 700 2707 late
689 2674 884 2708 iactaret
911 2660 1122 2717 odorem,

125 2724 285 2771 laurus
312 2737 447 2782 erat3
483 2726 597 2774 folia
621 2728 749 2774 haud
775 2727 882 2774 ullis
911 2727 1120 2774 labentia
1146 2726 1297 2774 ventis
1321 2747 1335 2783 ;

699 2803 772 2841 106
804 2804 935 2842 dicere.
