1866 3208
298 233 374 282 326
740 232 784 270 P.
815 231 1051 269 VERGILI
1080 232 1338 270 MARONIS

362 338 676 400 intersintque
700 337 841 399 patris
866 336 1086 394 lacrimis,
1111 337 1278 384 solacia
1302 337 1458 384 luctus

362 405 529 465 exigua
554 403 777 464 ingentis,
803 403 972 450 misero
995 404 1076 450 sed
1099 404 1256 450 debita
1278 403 1413 465 patri.

362 471 489 518 haud
514 486 674 530 segnes
699 469 777 515 alii
805 483 951 517 crates
977 483 1024 518 et
1048 471 1191 517 molle
1218 471 1440 517 feretrum

363 536 563 583 arbuteis
590 548 759 583 texunt
785 536 924 597 virgis
948 550 995 584 et
1019 537 1198 583 vimine
1224 553 1420 600 querno,

363 615 714 665 exstructosque
740 616 861 649 toros
887 603 1082 650 obtentu
1111 604 1286 650 frondis
1312 603 1604 649 inumbrant.

362 670 439 716 hic
466 670 689 716 iuvenem
715 669 878 730 agresti
905 669 1156 716 sublimem
1178 669 1399 716 stramine
1424 683 1610 731 ponunt
1633 687 1645 717 ε

363 736 551 798 qualern
581 736 792 797 virgineo
817 737 1084 784 demessum
1110 737 1281 798 pollice
1308 735 1488 792 florem,

363 819 442 848 seu
469 802 624 848 mollis
649 802 796 848 violae
822 819 901 848 seu
929 803 1191 863 languentis
1217 802 1478 864 hyacinthi,

363 868 439 915 cui
466 885 620 931 neque
649 869 803 929 fulgor
828 870 980 916 adhuc
1009 886 1096 916 nec
1122 870 1235 915 dum
1262 887 1340 915 sua
1365 870 1514 915 forma
1537 869 1755 923 recessit;

364 952 458 981 non
485 935 576 980 iam
604 948 752 981 mater
779 936 860 981 alit
885 937 1040 992 tellus,
1067 937 1281 999 viresque
1307 935 1554 982 ministrat.
1747 960 1785 990 71

363 1016 477 1048 tunc
503 1001 709 1062 geminas
733 1014 880 1047 vestes
908 1019 1112 1064 auroque
1138 1016 1354 1065 ostroque
1378 1002 1580 1063 rigentes

363 1068 534 1114 extulit
559 1068 756 1123 AeneaS‚
785 1085 896 1130 quas
923 1068 993 1114 illi
1022 1069 1140 1115 laeta
1164 1070 1377 1116 laborum

364 1135 461 1197 ipsa
480 1134 572 1180 suis
597 1134 837 1197 quondam
865 1135 1079 1181 manibus
1107 1136 1298 1182 Sidonia
1322 1135 1450 1182 Dido

365 1202 539 1247 fecerat
565 1215 610 1247 et
637 1201 768 1248 tenui
796 1202 909 1248 telas
936 1202 1216 1249 discreverat
1242 1219 1367 1249 auro.

363 1270 530 1314 harum
559 1285 699 1314 unam
727 1268 886 1314 iuveni
915 1285 1188 1331 supremum
1215 1281 1417 1315 maestus
1441 1270 1671 1314 honorem

364 1335 538 1391 induit,
564 1351 834 1397 arsurasque
862 1351 1015 1381 comas
1042 1336 1243 1382 obnubit
1268 1335 1442 1382 amictu
1468 1355 1481 1390 ;

364 1402 609 1464 multaque
635 1415 870 1463 praeterea
895 1402 1141 1448 Laurentis
1166 1401 1372 1463 praemia
1395 1417 1581 1464 pugnae

365 1481 562 1528 aggerat,
589 1481 634 1515 et
660 1469 798 1528 longo
825 1469 1043 1530 praedam
1069 1468 1201 1515 iubet
1227 1468 1390 1514 ordine
1417 1467 1544 1515 duci.
1852 1523 1854 1529 y

365 1535 489 1581 addit
515 1551 657 1597 equos
684 1549 729 1581 et
756 1535 862 1592 tela,
891 1535 1061 1598 quibus
1087 1535 1360 1598 spoliaverat
1384 1536 1582 1582 hostem.
1748 1549 1790 1581 80
1848 1534 1866 1589 ,J

366 1601 577 1648 vinxerat
603 1615 648 1648 et
674 1615 776 1664 post
802 1615 927 1663 terga
952 1619 1130 1658 manus,
1159 1619 1272 1664 quos
1297 1601 1507 1648 mitteret
1533 1600 1709 1648 umbris

365 1668 567 1723 inferias,
595 1685 728 1714 caeso
754 1686 989 1730 sparsurus
1016 1669 1240 1729 sanguine
1266 1667 1474 1714 flammas
1496 1688 1510 1724 ;

365 1734 645 1797 indutosque
672 1735 800 1781 iubet
827 1749 1016 1781 truncos
1041 1735 1287 1782 hostilibus
1312 1735 1446 1781 armis

365 1801 483 1862 ipsos
509 1801 627 1847 ferre
654 1801 810 1858 duces,
838 1802 1125 1864 inimicaque
1153 1802 1345 1847 nomina
1371 1801 1465 1862 figi.

365 1868 555 1914 ducitur
580 1867 745 1913 infelix
774 1885 886 1914 aevo
912 1869 1155 1914 confectus
1179 1869 1394 1926 Acoetes,

365 1947 554 1996 pectora
581 1951 708 1980 nunc
737 1935 928 1980 foedans
956 1934 1140 1997 pugnis,
1169 1952 1297 1981 nunc
1325 1933 1562 1995 unguibus
1588 1951 1665 1979 ora
1688 1954 1701 1990 ;

366 2000 588 2047 sternitur
613 2014 659 2047 et
685 2013 782 2047 toto
808 2001 1040 2063 proiectus
1067 2018 1257 2062 corpore
1284 2014 1446 2047 terrae.

366 2068 548 2114 ducunt
574 2081 619 2114 et
646 2068 830 2114 Rutulo
856 2068 1066 2130 perfusos
1091 2067 1316 2128 sanguine
1344 2084 1523 2114 currus.
1853 2098 1866 2124 2

366 2147 469 2196 post
496 2134 695 2180 bellator
720 2151 884 2197 equus,
910 2134 1069 2196 positis
1095 2134 1370 2194 insignibus,
1397 2134 1589 2180 Aethon
1857 2173 1866 2191 ,

366 2201 403 2246 it
429 2201 676 2247 lacrimans
702 2201 938 2263 guttisque
967 2214 1171 2247 umectat
1196 2200 1446 2261 grandibus
1472 2217 1565 2246 ora.
1750 2223 1791 2254 90
1853 2195 1866 2268 ἑ

368 2268 544 2313 hastam
570 2267 647 2313 alii
674 2268 948 2330 galeamque
977 2267 1137 2313 ferunt
1161 2287 1176 2321 ;
1212 2284 1319 2313 nam
1347 2279 1502 2313 cetera
1527 2266 1723 2312 Turnus
1855 2276 1866 2320 ἦ

367 2333 516 2380 victor
562 2333 717 2380 habet.
789 2347 890 2380 tum
938 2346 1110 2380 maesta
1157 2334 1360 2394 phalanx
1404 2331 1679 2395 Teucrique
1721 2348 1791 2378 se·
1851 2333 1866 2410 3³

501 2412 715 2462 quuntur

368 2466 702 2528 Tyrrhenique
729 2482 890 2512 omnes
917 2479 964 2512 et
988 2466 1129 2512 versis
1153 2466 1356 2512 Arcades
1381 2465 1534 2513 armis.

367 2545 612 2595 postquam
638 2532 790 2578 omnis
814 2532 955 2592 longe
981 2532 1208 2578 comitum
1235 2544 1517 2594 processerat
1541 2531 1669 2589 ordo,

368 2599 571 2646 substitit
596 2599 792 2655 AeneaS‚
820 2598 1092 2661 gemituque
1119 2600 1231 2645 haec
1259 2598 1436 2645 addidit
1461 2598 1555 2644 alto
1578 2616 1589 2644 :

337 2671 351 2693 ‘
369 2683 452 2712 nos
478 2665 586 2712 alias
611 2665 723 2712 hinc
751 2666 807 2711 ad
831 2665 1043 2711 lacrimas
1067 2665 1228 2711 eadem
1253 2665 1438 2711 horrida
1463 2663 1576 2711 belli

671 2754 718 2792 93
750 2742 1012 2793 Tyrrhenique
1032 2744 1152 2780 duces.
1211 2752 1258 2793 95
1290 2742 1417 2781 edidit.
