1861 3256
549 243 881 282 GEORGICON
911 243 1015 282 LIB.
1046 244 1110 281 IV
1527 240 1576 291 85

142 352 356 399 carmine
382 369 477 415 quo
501 363 667 413 captae
693 350 807 396 dum
834 350 946 396 fusis
973 350 1137 396 mollia
1162 366 1308 412 pensa

144 420 424 476 devolvunt,
450 418 626 464 iterum
651 430 886 463 maternas
912 417 1092 479 inpulit
1118 434 1250 464 aures

143 487 299 533 luctus
324 485 543 541 Aristaei,
570 484 829 546 vitreisque
856 484 1082 531 sedilibus
1109 501 1273 531 omnes
1520 507 1582 538 350

143 553 446 615 obstipuere3
483 551 564 598 sed
590 564 700 597 ante
728 550 838 597 alias
863 552 1101 597 Arethusa
1129 568 1306 598 sorores

141 620 435 683 prospiciens
463 635 644 665 summa
671 617 845 664 flavum
873 631 1016 680 caput
1043 619 1216 665 extulit
1243 618 1385 675 unda,

143 701 190 733 et
214 687 414 749 procul:
454 690 504 732 ‘o
529 685 709 746 gemitu
736 701 833 731 non
861 685 1031 730 frustra
1059 686 1282 732 exterrita
1310 698 1460 743 tanto,

144 753 336 815 Cyrene
363 771 505 810 soror,
533 753 630 815 ipse
657 752 762 808 tibi,
788 765 867 798 tua
894 752 1101 798 maxima
1129 770 1254 810 cura,

142 820 288 867 tristis
314 820 551 866 Aristaeus
579 819 728 865 Penei
754 818 982 879 genitoris
1008 819 1065 865 ad
1091 820 1269 866 undam

144 900 234 934 stat
260 887 511 933 lacrimans
538 900 584 933 et
609 899 656 932 te
682 886 928 932 crudelem
956 886 1151 932 nomine
1179 886 1329 933 dicit.’

143 954 256 1000 huic
281 971 501 1016 percussa
527 971 649 999 nova
675 967 890 999 mentem
917 953 1183 1000 formidine·
1200 967 1349 1000 mater

144 1022 253 1078 duc,
282 1037 382 1082 age,
410 1021 501 1067 duc
529 1020 587 1066 ad
613 1038 728 1077 nos;
767 1020 832 1066 fas
859 1020 931 1066 illi
958 1020 1127 1067 limina
1154 1021 1314 1067 divom

145 1088 360 1148 tangere'
388 1087 469 1135 ait.
540 1087 681 1134 simul
709 1088 802 1133 alta
828 1087 961 1134 iubet
987 1088 1229 1134 discedere
1256 1089 1351 1134 late

142 1155 357 1214 flumina,
385 1172 476 1218 qua
502 1154 687 1201 iuvenis
713 1172 891 1216 gressus
917 1155 1132 1202 inferret.
1203 1169 1247 1201 at
1273 1154 1413 1200 illum
1523 1169 1587 1208 360

143 1236 333 1269 curvata
358 1222 407 1268 in
434 1221 610 1268 montis
637 1222 809 1269 faciem
837 1222 1152 1268 circumstetit
1179 1222 1320 1280 unda,
1355 1279 1361 1283 .

143 1290 425 1352 accepitque
451 1289 556 1336 sinu
582 1303 711 1335 vasto
738 1289 962 1352 misitque
989 1290 1073 1335 sub
1100 1306 1309 1336 amnem.

143 1357 334 1419 iamque
360 1357 559 1403 domum
584 1357 756 1403 mirans
784 1357 1039 1417 genetricis
1069 1370 1115 1403 et
1141 1356 1300 1402 umida
1326 1372 1472 1416 regna

143 1423 480 1486 speluncisque
507 1424 634 1469 lacus
662 1424 845 1470 clausos
872 1424 1100 1486 lucosque
1127 1437 1350 1469 sonantes

142 1490 256 1547 ibat,
286 1503 332 1536 et
357 1490 542 1551 ingenti
570 1504 703 1537 motu
732 1491 1021 1553 stupefactus
1047 1507 1274 1553 aquarum

143 1557 306 1603 omnia
332 1558 417 1603 sub
444 1574 612 1617 magna
639 1557 851 1604 labentia
878 1557 1077 1604 flumina
1104 1572 1225 1603 terra

141 1624 386 1687 spectabat
411 1624 592 1670 diversa
619 1625 750 1682 locis,
781 1624 1067 1687 Phasimque
1095 1625 1379 1687 Lycumque

143 1705 190 1738 et
216 1704 373 1754 caput,
401 1691 529 1737 unde
557 1691 675 1736 altus
700 1690 910 1753 primum
937 1709 985 1737 se
1014 1691 1222 1762 erumpit
1249 1690 1460 1753 Enipeus

141 1775 425 1821 saxosusque
451 1774 618 1803 sonans
647 1757 870 1820 Hypanis
900 1758 1166 1821 Mysusque
1195 1758 1384 1815 Caicus,

140 1825 269 1872 unde
292 1838 427 1887 pater
453 1824 730 1883 Tiberinus,
759 1838 806 1872 et
832 1825 962 1871 unde
987 1825 1178 1871 Aniena
1204 1824 1400 1881 fluenta,
1523 1849 1585 1879 370

142 1905 189 1938 et
214 1892 403 1953 gemina
430 1905 617 1938 auratus
643 1891 831 1938 taurino
859 1909 1037 1939 cornua
1063 1893 1199 1939 vultu

140 1959 388 2017 Eridanus,
417 1977 511 2022 quo
538 1976 635 2005 non
663 1959 782 2005 alius
809 1977 891 2022 per
915 1960 1112 2022 pinguia
1139 1960 1268 2006 culta

140 2026 192 2072 in
218 2043 346 2072 mare
371 2043 664 2101 purpureum
691 2026 948 2073 violentior
976 2027 1125 2073 effluit
1151 2026 1317 2074 amnis.

139 2106 390 2156 postquam
417 2107 484 2140 est
509 2093 559 2139 in
586 2093 782 2140 thalami
807 2094 1070 2156 pendentia
1097 2094 1290 2156 pumice
1316 2106 1442 2140 tecta

139 2174 427 2222 perventum
455 2174 502 2206 et
528 2160 626 2206 nati
653 2160 790 2207 fletus
817 2161 1038 2222 cognovit
1064 2161 1228 2207 inanes

143 2227 349 2289 Cyrene,
377 2227 595 2274 manibus
621 2227 824 2290 liquidos
851 2228 968 2274 dant
993 2228 1157 2274 ordine
1185 2229 1340 2274 fontes

142 2310 392 2354 germanae
419 2294 660 2357 tonsisque
687 2295 851 2341 ferunt
876 2295 1107 2341 mantelia
1131 2295 1289 2352 villis3

142 2377 245 2422 pars
271 2362 421 2424 epulis
449 2376 650 2409 onerant
676 2379 860 2408 mensas
889 2376 936 2409 et
960 2363 1104 2424 plena
1130 2375 1372 2424 reponunt

144 2428 314 2488 pocula
336 2449 350 2486 ;
389 2429 647 2476 Panchaeis
674 2428 962 2476 adolescunt?
979 2429 1167 2490 ignibus
1193 2447 1313 2487 arae,

147 2506 194 2538 et
219 2507 367 2541 mater
394 2502 536 2559 ‘cape
565 2496 787 2543 Maeonii
815 2497 1054 2543 carchesia
1080 2497 1291 2543 Bacchi:
1521 2509 1584 2549 380

146 2559 346 2607 Oceano
371 2562 602 2609 libemus'
630 2564 711 2611 ait.
783 2563 924 2610 simul
952 2564 1051 2626 ipsa
1075 2578 1297 2627 precatur

146 2627 495 2690 Oceanumque
519 2642 700 2691 patrem
725 2647 882 2677 rerum
908 2631 1258 2694 Nymphasque
1285 2646 1476 2687 sorores,

145 2706 342 2740 centum
369 2711 488 2757 quae
515 2696 665 2754 silvas,
693 2710 889 2744 centum
917 2716 1035 2760 quae
1062 2697 1262 2744 flumina
1288 2708 1489 2743 servant.

505 2773 575 2823 361
609 2775 781 2822 speciem.
896 2776 968 2825 368
1001 2776 1158 2824 rumpit.
