1866 3208
543 231 820 269 AENEIDOS
850 231 956 270 LIB.
985 231 1071 269 VII
1483 244 1559 282 241

125 339 242 404 quin
271 339 414 386 etiam
440 339 490 384 in
517 338 670 395 silvaS‚
698 337 919 385 simulato
945 339 1148 386 numine
1175 338 1372 397 Bacchi,

124 407 276 454 maius
300 407 462 453 adorta
486 405 634 460 nefas,
662 405 991 469 maioremque
1018 424 1118 453 orsa
1145 407 1372 463 furorem,

127 475 299 531 evolat,
328 486 373 519 et
400 485 560 518 natam
588 471 820 517 frondosis
849 473 1092 520 montibus
1118 473 1264 532 abdit,

126 559 220 604 quo
245 541 506 587 thalamum
535 537 703 600 eripiat
731 538 956 596 Teucris,
983 541 1242 603 taedasque
1269 552 1498 597 moretur,

127 609 292 664 euhoe,
321 607 526 663 Bacche,
554 605 780 662 fremens,
810 607 964 653 solum
992 620 1038 653 te
1065 607 1249 668 virgine
1276 607 1475 668 dignum

124 674 420 721 vociferans:
462 672 641 719 etenim
668 673 839 718 molles
868 673 954 719 tibi
984 691 1171 721 sumere
1200 676 1398 736 thyrsos,
1509 698 1572 730 390

124 754 170 787 te
197 741 393 786 lustrare
420 741 584 796 choro,
610 756 795 786 sacrum
823 739 910 786 tibi
938 758 1132 803 pascere
1160 742 1361 789 crinem.

124 808 250 854 fama
275 807 420 865 volat,
448 807 680 869 furiisque
707 824 928 853 accensas
956 821 1152 870 pectore
1179 822 1350 855 matres

123 875 251 920 idem
277 891 441 920 omnes
468 874 607 920 simul
636 873 774 919 ardor
801 873 912 935 agit,
942 891 1065 921 nova
1094 893 1321 938 quaerere
1349 889 1492 923 tecta.

123 941 374 988 deseruere
400 941 580 999 domos,
607 940 763 987 ventis
789 941 907 987 dant
936 941 1060 988 colla
1088 959 1374 1006 comasque3

123 1021 191 1055 ast
216 1008 335 1055 aliae
363 1008 576 1054 tremulis
604 1007 867 1054 ululatibus
895 1009 1089 1056 aethera
1118 1011 1383 1072 complent,

121 1075 496 1151 pampineasque
522 1089 694 1136 gerunt
721 1075 966 1122 incinctae
992 1076 1202 1138 pellibus
1227 1078 1398 1123 hastas.

122 1143 221 1205 ipsa
248 1143 375 1189 inter
399 1143 578 1189 medias
606 1141 888 1203 flagrantem
916 1143 1098 1189 fervida
1124 1144 1296 1206 pinum

95 1210 338 1275 sustinet,
366 1227 419 1256 ac
447 1224 586 1256 natae
615 1209 873 1273 Turnique
902 1210 1033 1257 canit
1059 1212 1123 1273 h)
1127 1227 1365 1268 menaeos,

122 1277 431 1368 sanguineam
456 1290 681 1340 torquens
710 1277 880 1335 aciem,
912 1290 1196 1340 torvumque
1222 1290 1425 1340 repente

122 1344 326 1391 clamat:
367 1344 441 1390 ‘io
468 1358 656 1402 matres,
679 1344 856 1403 audite,
881 1344 961 1390 ubi
990 1362 1224 1408 quaeque,
1253 1345 1490 1392 Latinae:
1509 1369 1573 1400 400

122 1411 157 1457 si
185 1428 276 1485 qua
299 1411 388 1486 piis
415 1411 586 1457 animis
611 1426 773 1457 manet
799 1411 1010 1458 infelicis
1035 1413 1236 1458 Amatae

121 1477 284 1538 gratia,
311 1478 346 1523 si
373 1477 485 1524 iuris
512 1478 716 1524 materni
747 1495 859 1524 cura
884 1479 1144 1537 remordet,

122 1545 290 1591 solvite
318 1545 517 1591 crinales
543 1545 696 1603 vittaS,
726 1545 883 1607 capite
911 1545 1038 1606 orgia
1062 1546 1284 1594 mecum.'

123 1612 269 1658 talem
294 1611 422 1658 inter
447 1612 603 1669 silvas,
628 1612 754 1658 inter
781 1612 967 1658 deserta
992 1613 1215 1670 ferarum,

120 1678 332 1739 reginam
356 1679 549 1725 Allecto
575 1679 778 1725 stimulis
809 1678 904 1739 agit
930 1679 1145 1742 undique
1174 1680 1370 1727 Bacchi.

187 1759 438 1808 postquam
463 1745 561 1792 visa
589 1745 696 1792 satis
720 1745 898 1807 primos
926 1746 1103 1793 acuisse
1131 1747 1328 1805 furores,

121 1813 474 1875 consiliumque
500 1829 794 1875 omnemque
822 1813 1021 1859 domum
1048 1814 1246 1861 vertisse
1273 1814 1452 1873 Latini,

119 1880 333 1942 protinus
360 1880 474 1926 hinc
503 1879 646 1926 fuscis
673 1879 818 1926 tristis
845 1880 933 1926 dea
962 1881 1149 1927 tollitur
1174 1881 1258 1927 alis

121 1947 309 1993 audacis
337 1947 506 1993 Rutuli
534 1947 591 1993 ad
618 1963 793 2005 muros,
821 1965 965 2010 quam
993 1948 1170 1996 dicitur
1196 1949 1364 1996 urbem

118 2013 409 2060 Acrisioneis
435 2014 602 2061 Danae
629 2014 850 2061 fundasse
879 2015 1076 2074 colonis,
1506 2040 1569 2070 410

119 2081 370 2143 praecipiti
398 2082 554 2127 delata
580 2081 729 2128 Noto.
804 2081 934 2128 locus
964 2083 1123 2130 Ardea
1151 2083 1393 2146 quondam

120 2148 275 2194 dictus
302 2148 410 2207 aviS,
440 2161 486 2194 et
512 2165 641 2195 nunc
669 2165 896 2209 magnum
924 2163 1087 2196 manet
1111 2150 1269 2196 Ardea
1295 2167 1474 2197 nomen
1497 2170 1511 2205 ;

121 2215 203 2261 sed
227 2215 420 2262 fortuna
447 2215 554 2262 fuit.
629 2215 766 2262 tectis
790 2216 869 2262 hic
899 2215 1096 2263 Turnus
1123 2216 1174 2263 in
1202 2216 1306 2263 altis

121 2281 216 2328 iam
240 2282 447 2329 mediam
474 2282 605 2343 nigra
632 2282 855 2345 carpebat
880 2297 1025 2330 nocte
1053 2283 1279 2347 quietem.

121 2349 314 2395 Allecto
340 2363 521 2396 torvam
546 2349 722 2397 faciem
751 2363 797 2396 et
824 2350 1012 2396 furialia
1038 2352 1253 2398 membra

124 2415 284 2472 exuit;
319 2416 370 2462 in
395 2417 555 2463 vultus
583 2434 681 2464 sese
709 2418 1014 2465 transformat
1040 2418 1205 2476 aniles,

124 2494 172 2528 et
197 2482 404 2530 frontem
431 2484 684 2531 obscenam
712 2484 836 2545 rugis
863 2499 993 2540 arat3
1030 2485 1191 2532 induit
1217 2485 1348 2532 albos

124 2565 234 2595 cum
258 2549 375 2596 vitta
399 2550 585 2608 crines;
623 2565 726 2598 tum
751 2569 934 2599 ramum
961 2553 1171 2600 innectit
1198 2553 1382 2600 olivae:

124 2614 176 2660 fit
204 2615 405 2676 Calybe,
431 2618 630 2664 Iunonis
655 2635 772 2665 anus
799 2619 1066 2683 templique
1093 2620 1324 2676 sacerd05‚

125 2694 173 2728 et
198 2681 362 2728 iuveni
388 2696 498 2729 ante
524 2685 686 2731 oculos
712 2685 786 2731 his
812 2703 859 2733 se
887 2703 996 2733 cum
1022 2687 1221 2734 vocibus
1248 2687 1417 2733 offert:
1502 2708 1565 2739 420

499 2772 570 2810 391
604 2761 751 2801 ch0r03.
894 2775 972 2811 412
1003 2771 1122 2802 tenet.

790 2834 818 2862 R
