1866 3208
496 272 772 310 AENEIDos
802 271 906 309 LIB.
934 271 1040 308 vm
1451 282 1529 324 257

94 381 388 430 coniunxere
416 379 517 437 tibi,
546 395 592 426 et
617 379 724 425 fatis
753 397 888 441 egere
914 380 1178 427 volentem.

92 450 360 507 Dardanus,
386 447 563 494 Iliacae
588 446 768 508 primus
792 461 927 509 pater
953 447 1078 494 urbis
1107 461 1153 494 et
1178 459 1357 505 auctor,

93 517 300 573 Electra,
327 527 380 561 ut
406 513 524 560 Grai
549 513 825 576 perhibent,
851 515 1102 561 Atlantide
1129 528 1299 572 cretus,

93 582 344 631 advehitur
368 581 617 637 Teucros3
655 580 896 627 Electram
922 582 1157 628 maximus
1181 582 1315 628 Atlas

94 649 258 707 edidit,
286 647 520 694 aetherios
546 664 711 694 umero
737 647 818 711 qui
845 648 1046 694 sustinet
1071 650 1223 695 orbes.

90 716 223 763 vobis
252 715 523 761 Mercurius
548 728 684 778 pater
711 727 794 772 est,
823 731 965 778 quem
992 715 1197 761 candida
1224 715 1358 761 Maia

94 783 329 846 Cyllenae
354 783 512 844 gelido
539 796 828 844 conceptum
855 781 1036 828 vertice
1062 783 1220 839 fudit3

91 864 138 896 at
165 850 365 908 Maiam,
394 849 564 896 auditis
590 849 626 896 si
652 848 910 912 quicquam
938 849 1190 906 credimus,
1217 850 1367 907 Atlas,
1472 872 1532 905 140

89 917 218 964 idem
242 917 378 964 Atlas
402 930 612 978 generat,
641 916 762 963 caeli
790 915 870 980 qui
897 916 1049 962 sidera
1076 916 1219 964 tollit.

91 984 153 1031 sic
180 1002 328 1046 genus
354 985 602 1031 amborum
629 983 805 1030 scindit
831 1000 880 1030 se
906 983 1135 1059 sanguine
1163 984 1220 1030 ab
1247 1001 1360 1031 uno.

88 1052 160 1099 his
186 1052 333 1098 fretus
360 1069 456 1097 non
483 1052 661 1112 legatos
687 1067 844 1114 neque
870 1051 1022 1113 prima
1048 1068 1133 1113 per
1159 1064 1310 1097 artem

90 1131 438 1181 temptamenta
465 1117 534 1164 tui
560 1118 754 1181 pepigi,
792 1135 882 1176 me,
912 1135 987 1164 me
1014 1117 1114 1180 ipse
1140 1134 1399 1180 meumque

88 1185 241 1232 obieci
269 1199 412 1248 caput
440 1200 486 1232 et
511 1186 712 1248 supplex
739 1185 797 1231 ad
825 1185 992 1231 limina
1017 1185 1146 1232 veni.

16 1285 23 1289 -
87 1270 200 1328 gens
229 1253 409 1311 eadem,
436 1269 558 1316 quae
586 1266 646 1310 te,
675 1252 858 1299 crudeli
884 1252 1076 1299 Daunia
1103 1252 1234 1298 bello

87 1320 384 1383 insequitur3
421 1337 504 1366 nos
532 1320 567 1365 si
592 1320 793 1382 pellant,
822 1319 943 1365 nihil
972 1320 1135 1366 abfore
1164 1319 1368 1366 credunt

87 1387 203 1450 quin
230 1404 424 1433 omnem
444 1386 730 1449 Hesperiam
755 1386 946 1449 penitus
974 1404 1054 1433 sua
1078 1386 1200 1433 sub
1189 1404 1294 1448 iuga
1315 1386 1527 1445 mittant,

89 1467 136 1501 et
161 1471 306 1511 mare,
334 1454 462 1516 quod
488 1471 639 1516 supra,
667 1467 884 1511 teneant,
911 1454 1136 1516 quodque
1163 1454 1312 1500 adluit
1337 1453 1477 1502 infra.

89 1521 252 1584 accipe
278 1521 433 1583 daque
460 1520 633 1567 fidem:
672 1532 783 1566 sunt
810 1520 946 1566 nobis
972 1521 1114 1567 fortia
1140 1521 1272 1567 bello
1470 1545 1531 1576 150

88 1602 294 1651 pectora,
322 1600 432 1634 sunt
459 1587 605 1634 animi
635 1601 681 1634 et
706 1587 846 1635 rebus
874 1601 1084 1650 spectata
1109 1587 1363 1635 iuventus.’

155 1655 340 1701 dixerat
364 1656 569 1702 Aeneas.
641 1655 724 1702 ille
751 1673 799 1701 os
826 1656 1086 1717 oculosque
1112 1655 1354 1717 loquentis

87 1722 367 1769 iamdudum
395 1735 442 1768 et
468 1735 622 1768 totum
650 1723 880 1770 lustrabat
906 1722 1090 1768 lumine
1118 1739 1302 1784 corpus.

86 1802 188 1836 tum
215 1788 280 1836 sic
307 1806 458 1852 pauca
485 1790 664 1837 refert:
705 1794 784 1836 ‘ut
811 1803 873 1848 te,
901 1789 1156 1835 fortissime
1183 1788 1447 1847 Teucrum,

86 1856 270 1919 accipio
298 1856 632 1920 adgnoscoque
659 1856 842 1904 libens!
884 1870 934 1903 ut
959 1857 1103 1903 verba
1127 1856 1338 1919 parentis

87 1937 133 1970 et
157 1940 326 1971 vocem
349 1924 591 1970 Anchisae
618 1924 778 1985 magni
806 1924 1092 1987 vultumque
1117 1924 1368 1972 recordor!

84 2007 196 2038 nam
221 1990 420 2037 memini
450 1991 695 2038 Hesionae
722 1991 958 2038 visentem
985 2008 1128 2052 regna
1155 1991 1322 2038 sororis

83 2057 535 2104 Laomedontiaden
566 2057 825 2117 Priamum,
856 2058 1095 2105 Salamina
1120 2072 1385 2121 petentem,

82 2124 302 2187 protinus
326 2124 560 2171 Arcadiae
587 2125 769 2185 gelidos
796 2125 1002 2172 invisere
1028 2125 1161 2173 fines,

83 2205 185 2238 tum
212 2191 329 2237 mihi
355 2191 506 2253 prima
534 2208 675 2252 genas
702 2192 908 2238 vestibat
933 2191 1048 2239 flore
1073 2192 1305 2252 iuventas,
1468 2209 1529 2240 160

83 2258 382 2322 mirabarque
407 2259 552 2305 duces
580 2259 814 2315 Teucros,
842 2258 1049 2305 mirabar
1076 2273 1122 2306 et
1146 2259 1303 2322 ipsum

82 2325 564 2381 Laomedontiaden3
601 2325 682 2371 sed
711 2325 896 2372 cunctis
922 2325 1062 2372 altior
1086 2326 1184 2373 ibat

82 2392 330 2440 Anchises.
403 2392 521 2439 mihi
549 2409 685 2439 mens
711 2391 924 2439 iuvenali
952 2393 1149 2440 ardebat
1174 2411 1332 2441 amore

84 2460 375 2521 compellare
399 2460 570 2517 virum,
601 2473 654 2512 et,
674 2459 868 2507 dextrae
898 2459 1189 2536 coniungere
1215 2461 1462 2510 dextram:

85 2525 276 2581 accessi,
305 2540 350 2574 et
376 2545 468 2590 cup
473 2527 578 2574 idus
608 2527 792 2574 Phenei
821 2528 906 2574 sub
933 2527 1125 2575 moenia
1151 2528 1283 2575 duxi.

83 2591 171 2638 ille
195 2592 351 2639 mihi
340 2594 576 2656 msignem
603 2595 877 2657 pharetram
904 2596 1175 2672 Lyciasque
1202 2596 1387 2657 sagittas

84 2658 335 2706 discedens
361 2662 761 2725 chlamydemque
788 2679 902 2710 auro
927 2663 1063 2711 dedit
1090 2663 1415 2720 intertextam,

87 2726 317 2790 frenaque
342 2726 454 2774 bina
479 2745 611 2775 meus
638 2745 757 2790 quae
785 2747 915 2777 nunc
941 2731 1088 2778 habet
1115 2747 1253 2777 aurea
1283 2729 1449 2776 Pallas.

240 2819 314 2858 140
344 2808 504 2848 creditis.
622 2822 693 2859 147
725 2812 864 2850 adfore.
980 2812 1051 2858 167
1081 2812 1303 2850 intertexto.

759 2881 777 2909 5
