1861 3256
791 129 826 151 k.

220 258 294 294 124
669 247 713 286 P.
743 246 975 284 VERGILI
1005 247 1261 286 MARONIS

285 355 506 403 Vulcano
529 366 773 418 superante
798 353 960 399 domus
982 374 997 410 ;
1031 355 1123 401 iam
1148 356 1386 418 proximus
1411 356 1538 402 ardet

288 422 571 482 Ucalegon·
560 457 573 476 ‚
611 419 778 480 Sigea
766 419 863 480 igni
890 420 1008 467 freta
1033 421 1122 467 lata
1146 423 1393 468 relucent.
1558 472 1567 485 x

287 488 493 535 exoritur
519 488 789 559 clamorque
815 485 967 532 virum
993 487 1294 562 clangOrqpe
1301 487 1532 534 tubarum.

269 571 410 617 'arma
435 568 592 598 amens
619 551 785 612 capio·
774 587 787 607 ,
823 568 910 598 nec
938 567 1003 600 sat
1010 552 1214 600 rationis
1240 553 1483 600 infarmis
1470 589 1484 607 ‚

286 620 366 666 sed
389 619 642 680 glomerare
667 633 860 664 manum
888 618 1011 665 bello
1036 633 1081 666 et
1106 636 1382 670 concurrere
1408 620 1457 665 in
1483 635 1637 666 arcem

286 702 396 732 cum
421 683 553 729 sociis
579 683 743 730 ardent
768 684 927 731 animi.
999 686 1126 732 furor
1149 686 1306 748 iraque
1331 697 1540 732 mentem

286 750 610 813 praecipitant,
635 750 982 814 pulchrumque
1007 752 1136 798 mori
1152 751 1381 798 succurrit
1406 751 1455 796 in
1481 751 1634 798 armis.

353 833 465 863 ecce
491 829 646 862 autem
672 816 774 862 telis
802 817 1007 863 Panthus
1035 819 1211 880 elapsus
1235 817 1492 874 Achivum,

288 884 495 929 Panthus
520 882 799 943 Othryades,
824 883 939 929 arcis
968 883 1236 947 Phoebique
1261 884 1486 939 sacerdOS‚

285 965 411 996 sacra
435 965 575 994 manu
603 948 840 1011 victosque
866 950 975 995 deos
1001 967 1288 1012 parvumque
1314 963 1535 1012 nepotem
1649 975 1712 1004 320

286 1015 382 1077 ipse
409 1015 564 1071 trahit,
591 1031 821 1078 cursuque
847 1032 1004 1062 amens
1030 1016 1086 1061 ad
1110 1016 1274 1062 limina
1299 1016 1464 1063 tendit.

287 1098 380 1144 quo
434 1095 512 1127 res⁴
559 1098 737 1126 summa
794 1081 915 1138 loco,
969 1082 1152 1128 Panthu
1180 1086 1196 1128 ?
1248 1099 1386 1146 quam
1440 1082 1708 1145 prendimus

420 1164 574 1194 arcem
595 1147 635 1193 ?’

286 1213 366 1261 vix
392 1231 442 1260 ea
467 1214 587 1260 fatus
613 1230 753 1270 eram,
778 1213 954 1274 gemitu
981 1231 1091 1261 cum
1116 1214 1225 1261 talia
1248 1215 1401 1261 reddit
1425 1233 1435 1261 :

253 1287 267 1306 ‘
288 1280 416 1327 venit
440 1297 620 1327 summa
644 1280 740 1326 dies
766 1294 810 1326 et
835 1280 1136 1327 ineluctabile
1162 1294 1344 1343 tempus

286 1347 564 1394 Dardaniae.
637 1347 808 1392 fuimus
835 1346 1003 1403 Troes,
1029 1347 1118 1393 fuit
1143 1347 1287 1393 Ilium
1313 1360 1358 1393 et
1383 1346 1546 1408 ingens

287 1413 433 1474 gloria
458 1414 773 1459 Teucrorum.
845 1413 969 1459 ferus
994 1413 1151 1459 omnia
1176 1413 1390 1474 Iuppiter
1413 1415 1560 1474 Argos

288 1480 523 1526 transtulit
546 1498 557 1526 ε
594 1480 786 1526 incensa
810 1479 961 1525 Danai
988 1479 1288 1525 dominantur
1313 1479 1362 1525 in
1389 1479 1518 1526 urbe.

288 1547 456 1592 arduus
481 1559 678 1592 armatos
702 1546 867 1592 mediis
894 1545 942 1591 in
969 1545 1215 1591 moenibus
1240 1545 1419 1591 adstans

290 1613 445 1658 fundit
471 1629 632 1675 equus,
658 1613 905 1674 victorque
933 1612 1079 1658 Sinon
1106 1612 1325 1658 incendia
1349 1612 1515 1659 miscet

288 1679 530 1725 insultans.
601 1679 744 1741 portis
770 1679 846 1725 alii
875 1678 1190 1740 bipatentibus
1215 1679 1398 1735 adsunt,
1650 1702 1715 1734 330

289 1745 418 1791 milia
444 1758 558 1808 quot
583 1746 762 1806 magnis
789 1761 1012 1806 umquam
1038 1761 1210 1790 venere
1238 1744 1494 1806 Mycenis;

288 1812 509 1858 obsedere
534 1811 611 1858 alii
639 1812 742 1858 telis
767 1824 958 1872 angusta
985 1810 1165 1857 viarum

289 1878 524 1953 oppositi·
513 1915 527 1935 ,
563 1891 649 1924 stat
677 1877 786 1924 ferri
814 1877 933 1924 acies
959 1894 1187 1923 mucrone
1214 1894 1409 1924 corusco

289 1945 462 2001 stricta,
488 1957 642 2006 parata
666 1944 808 1990 neci
795 1980 809 2000 ,
846 1943 926 1989 vix
951 1944 1090 2005 primi
1116 1945 1292 2006 proelia
1316 1956 1550 2029 temptant

290 2024 525 2073 portarum
552 2011 730 2071 vigiles,
756 2023 802 2057 et
829 2027 968 2057 caeco
997 2010 1154 2056 Marte
1180 2009 1430 2057 resistunt?

290 2078 458 2140 talibus
483 2078 751 2138 Othryadae
777 2077 913 2123 dictis
940 2089 985 2122 et
1011 2076 1205 2122 numine
1232 2077 1390 2123 divom

291 2143 572 2190 inflammas
598 2157 643 2190 et
668 2144 716 2189 in
744 2161 870 2190 arma
896 2143 1034 2200 feror,
1060 2160 1152 2206 quo
1178 2143 1317 2190 tristis
1341 2143 1524 2205 Erinys,

290 2228 383 2274 quo
408 2211 623 2257 fremitus
649 2223 786 2257 vocat
812 2222 859 2256 et
884 2210 1087 2256 sublatus
1113 2210 1168 2255 ad
1192 2211 1379 2256 aethera
1403 2211 1594 2256 clamor.

292 2277 466 2323 addunt
492 2294 537 2323 se
564 2277 710 2323 socios
737 2277 948 2338 Rhipeus
973 2289 1019 2322 et
1044 2276 1274 2322 maximus
1298 2276 1433 2322 armis

292 2343 487 2405 EpytuS,
510 2344 652 2390 oblati
679 2361 759 2405 per
784 2343 961 2399 lunam,
988 2342 1294 2405 Hypanisque
1319 2342 1605 2404 Dymasque,
1653 2366 1713 2396 340

292 2422 339 2456 et
364 2409 496 2455 lateri
523 2410 842 2470 adglomerant
867 2422 1042 2465 nostr0,
1067 2408 1340 2470 iuvenisque
1367 2407 1608 2454 Coroebus

295 2476 624 2537 Mygdonides.
695 2475 788 2521 illis
813 2474 871 2520 ad
896 2474 1093 2520 Troiam
1120 2474 1237 2520 forte
1262 2473 1422 2520 diebus

293 2556 498 2600 venerat,
524 2542 688 2588 insano
714 2541 996 2587 Cassandrae
1022 2539 1239 2586 incensus
1265 2556 1434 2596 amore,

295 2623 341 2656 et
365 2626 505 2671 gener
530 2608 757 2654 auxilium
785 2607 970 2652 Priamo
997 2606 1346 2668 Phrygibusque
1374 2606 1566 2662 ferebat,

293 2675 480 2732 infelix,
505 2675 583 2738 qui
610 2690 705 2720 non
731 2690 921 2736 sponsae
947 2686 1192 2734 praecepta
1217 2673 1414 2719 furentis

294 2742 509 2789 audierit.
