<?xml version="1.0" encoding="UTF-8"?>
<!DOCTYPE html PUBLIC "-//W3C//DTD XHTML 1.0 Transitional//EN"
    "http://www.w3.org/TR/xhtml1/DTD/xhtml1-transitional.dtd">
<html xmlns="http://www.w3.org/1999/xhtml" xml:lang="en" lang="en">
 <head>
  <title>
</title>
<meta http-equiv="Content-Type" content="text/html;charset=utf-8" />
  <meta name='ocr-system' content='tesseract 3.04.00' />
  <meta name='ocr-capabilities' content='ocr_page ocr_carea ocr_par ocr_line ocrx_word'/>
</head>
<body>
  <div class='ocr_page' id='page_1' title='image "./operabucolicageo00virguoft_0180.png"; bbox 0 0 1861 3256; ppageno 0'>
   <div class='ocr_carea' id='block_1_1' title="bbox 259 257 1300 306">
    <p class='ocr_par' dir='ltr' id='par_1_1' title="bbox 259 257 1300 306">
     <span class='ocr_line' id='line_1_1' title="bbox 259 257 1300 306; baseline 0.004 -13"><span class='ocrx_word' id='word_1_1' title='bbox 259 264 332 306; x_wconf 80' lang='lat'>150</span> <span class='ocrx_word' id='word_1_2' title='bbox 707 258 751 295; x_wconf 88' lang='lat' dir='ltr'>P.</span> <span class='ocrx_word' id='word_1_3' title='bbox 780 257 1014 296; x_wconf 85' lang='lat' dir='ltr'>VERGILI</span> <span class='ocrx_word' id='word_1_4' title='bbox 1044 259 1300 297; x_wconf 87' lang='lat' dir='ltr'>MARONIS</span> 
     </span>
    </p>
   </div>
   <div class='ocr_carea' id='block_1_2' title="bbox 320 364 1757 2821">
    <p class='ocr_par' dir='ltr' id='par_1_2' title="bbox 325 364 1566 431">
     <span class='ocr_line' id='line_1_2' title="bbox 325 364 1566 431; baseline 0.002 -19"><span class='ocrx_word' id='word_1_5' title='bbox 325 366 480 413; x_wconf 86' lang='lat' dir='ltr'>sorbet</span> <span class='ocrx_word' id='word_1_6' title='bbox 505 365 554 412; x_wconf 91' lang='lat' dir='ltr'>in</span> <span class='ocrx_word' id='word_1_7' title='bbox 581 366 833 427; x_wconf 90' lang='lat' dir='ltr'>abruptum</span> <span class='ocrx_word' id='word_1_8' title='bbox 858 364 1029 413; x_wconf 87' lang='lat' dir='ltr'>fluctus</span> <span class='ocrx_word' id='word_1_9' title='bbox 1052 386 1300 431; x_wconf 86' lang='lat' dir='ltr'>rursusque</span> <span class='ocrx_word' id='word_1_10' title='bbox 1326 368 1411 415; x_wconf 91' lang='lat' dir='ltr'>sub</span> <span class='ocrx_word' id='word_1_11' title='bbox 1436 385 1566 416; x_wconf 90' lang='lat' dir='ltr'>auras</span> 
     </span>
    </p>

    <p class='ocr_par' dir='ltr' id='par_1_3' title="bbox 326 431 1345 493">
     <span class='ocr_line' id='line_1_3' title="bbox 326 431 1345 493; baseline 0.004 -15"><span class='ocrx_word' id='word_1_12' title='bbox 326 432 463 493; x_wconf 88' lang='lat' dir='ltr'>erigit</span> <span class='ocrx_word' id='word_1_13' title='bbox 488 433 693 478; x_wconf 90' lang='lat' dir='ltr'>alternos</span> <span class='ocrx_word' id='word_1_14' title='bbox 721 443 767 477; x_wconf 91' lang='lat' dir='ltr'>et</span> <span class='ocrx_word' id='word_1_15' title='bbox 791 431 942 478; x_wconf 85' lang='lat' dir='ltr'>sidera</span> <span class='ocrx_word' id='word_1_16' title='bbox 966 434 1178 481; x_wconf 90' lang='lat' dir='ltr'>verberat</span> <span class='ocrx_word' id='word_1_17' title='bbox 1202 435 1345 482; x_wconf 89' lang='lat' dir='ltr'>unda.</span> 
     </span>
    </p>

    <p class='ocr_par' dir='ltr' id='par_1_4' title="bbox 325 497 1466 563">
     <span class='ocr_line' id='line_1_4' title="bbox 325 497 1466 563; baseline 0.001 -18"><span class='ocrx_word' id='word_1_18' title='bbox 325 511 370 545; x_wconf 90' lang='lat' dir='ltr'>at</span> <span class='ocrx_word' id='word_1_19' title='bbox 397 498 606 560; x_wconf 88' lang='lat' dir='ltr'>Scyllam</span> <span class='ocrx_word' id='word_1_20' title='bbox 632 497 783 544; x_wconf 87' lang='lat' dir='ltr'>caecis</span> <span class='ocrx_word' id='word_1_21' title='bbox 808 498 1001 546; x_wconf 85' lang='lat' dir='ltr'>cohibet</span> <span class='ocrx_word' id='word_1_22' title='bbox 1025 502 1250 563; x_wconf 91' lang='lat' dir='ltr'>spelunca</span> <span class='ocrx_word' id='word_1_23' title='bbox 1275 500 1466 547; x_wconf 89' lang='lat' dir='ltr'>latebris</span> 
     </span>
    </p>

    <p class='ocr_par' dir='ltr' id='par_1_5' title="bbox 324 566 1495 615">
     <span class='ocr_line' id='line_1_5' title="bbox 324 566 1495 615; baseline 0.003 -4"><span class='ocrx_word' id='word_1_24' title='bbox 324 582 403 611; x_wconf 88' lang='lat' dir='ltr'>ora</span> <span class='ocrx_word' id='word_1_25' title='bbox 429 576 745 610; x_wconf 87' lang='lat' dir='ltr'>exsertantem</span> <span class='ocrx_word' id='word_1_26' title='bbox 772 576 818 610; x_wconf 92' lang='lat' dir='ltr'>et</span> <span class='ocrx_word' id='word_1_27' title='bbox 842 582 981 612; x_wconf 88' lang='lat' dir='ltr'>naves</span> <span class='ocrx_word' id='word_1_28' title='bbox 1007 566 1056 612; x_wconf 93' lang='lat' dir='ltr'>in</span> <span class='ocrx_word' id='word_1_29' title='bbox 1083 584 1187 614; x_wconf 85' lang='lat' dir='ltr'>saxa</span> <span class='ocrx_word' id='word_1_30' title='bbox 1212 568 1495 615; x_wconf 88' lang='lat' dir='ltr'>trahentem.</span> 
     </span>
    </p>

    <p class='ocr_par' dir='ltr' id='par_1_6' title="bbox 323 629 1549 696">
     <span class='ocr_line' id='line_1_6' title="bbox 323 629 1549 696; baseline 0.002 -21"><span class='ocrx_word' id='word_1_31' title='bbox 323 631 475 693; x_wconf 91' lang='lat' dir='ltr'>prima</span> <span class='ocrx_word' id='word_1_32' title='bbox 499 629 706 675; x_wconf 88' lang='lat' dir='ltr'>hominis</span> <span class='ocrx_word' id='word_1_33' title='bbox 734 630 876 677; x_wconf 89' lang='lat' dir='ltr'>facies</span> <span class='ocrx_word' id='word_1_34' title='bbox 904 644 950 678; x_wconf 91' lang='lat' dir='ltr'>et</span> <span class='ocrx_word' id='word_1_35' title='bbox 973 633 1176 695; x_wconf 91' lang='lat' dir='ltr'>pulchro</span> <span class='ocrx_word' id='word_1_36' title='bbox 1198 646 1394 696; x_wconf 88' lang='lat' dir='ltr'>pectore</span> <span class='ocrx_word' id='word_1_37' title='bbox 1417 633 1549 695; x_wconf 85' lang='lat' dir='ltr'>virgo</span> 
     </span>
    </p>

    <p class='ocr_par' dir='ltr' id='par_1_7' title="bbox 322 697 1503 827">
     <span class='ocr_line' id='line_1_7' title="bbox 322 697 1503 762; baseline 0.004 -21"><span class='ocrx_word' id='word_1_38' title='bbox 322 697 448 759; x_wconf 93' lang='lat' dir='ltr'>pube</span> <span class='ocrx_word' id='word_1_39' title='bbox 475 709 625 753; x_wconf 78' lang='lat' dir='ltr'>tenUS‚</span> <span class='ocrx_word' id='word_1_40' title='bbox 653 710 884 758; x_wconf 89' lang='lat' dir='ltr'>postrema</span> <span class='ocrx_word' id='word_1_41' title='bbox 910 698 1089 745; x_wconf 91' lang='lat' dir='ltr'>inmani</span> <span class='ocrx_word' id='word_1_42' title='bbox 1117 717 1312 762; x_wconf 89' lang='lat' dir='ltr'>corpore</span> <span class='ocrx_word' id='word_1_43' title='bbox 1335 699 1503 762; x_wconf 86' lang='lat' dir='ltr'>pistrix</span> 
     </span>
     <span class='ocr_line' id='line_1_8' title="bbox 323 762 1497 827; baseline 0.004 -20"><span class='ocrx_word' id='word_1_44' title='bbox 323 762 609 824; x_wconf 89' lang='lat' dir='ltr'>delphinum</span> <span class='ocrx_word' id='word_1_45' title='bbox 635 763 803 809; x_wconf 89' lang='lat' dir='ltr'>caudas</span> <span class='ocrx_word' id='word_1_46' title='bbox 828 777 963 811; x_wconf 90' lang='lat' dir='ltr'>utero</span> <span class='ocrx_word' id='word_1_47' title='bbox 989 766 1234 812; x_wconf 88' lang='lat' dir='ltr'>commissa</span> <span class='ocrx_word' id='word_1_48' title='bbox 1261 767 1497 827; x_wconf 89' lang='lat' dir='ltr'>luporum.</span> 
     </span>
    </p>

    <p class='ocr_par' dir='ltr' id='par_1_8' title="bbox 320 829 1421 894">
     <span class='ocr_line' id='line_1_9' title="bbox 320 829 1421 894; baseline 0.005 -20"><span class='ocrx_word' id='word_1_49' title='bbox 320 841 525 891; x_wconf 87' lang='lat' dir='ltr'>praestat</span> <span class='ocrx_word' id='word_1_50' title='bbox 551 829 791 875; x_wconf 89' lang='lat' dir='ltr'>Trinacrii</span> <span class='ocrx_word' id='word_1_51' title='bbox 817 843 964 877; x_wconf 89' lang='lat' dir='ltr'>metas</span> <span class='ocrx_word' id='word_1_52' title='bbox 992 832 1186 878; x_wconf 89' lang='lat' dir='ltr'>lustrare</span> <span class='ocrx_word' id='word_1_53' title='bbox 1214 832 1421 894; x_wconf 91' lang='lat' dir='ltr'>Pachyni</span> 
     </span>
    </p>

    <p class='ocr_par' dir='ltr' id='par_1_9' title="bbox 320 895 1749 1159">
     <span class='ocr_line' id='line_1_10' title="bbox 322 895 1749 956; baseline 0.003 -15"><span class='ocrx_word' id='word_1_54' title='bbox 322 907 597 954; x_wconf 85' lang='lat' dir='ltr'>cessantem,</span> <span class='ocrx_word' id='word_1_55' title='bbox 615 895 776 955; x_wconf 90' lang='lat' dir='ltr'>longos</span> <span class='ocrx_word' id='word_1_56' title='bbox 799 909 845 943; x_wconf 94' lang='lat' dir='ltr'>et</span> <span class='ocrx_word' id='word_1_57' title='bbox 870 897 1245 945; x_wconf 87' lang='lat' dir='ltr'>circumflectere</span> <span class='ocrx_word' id='word_1_58' title='bbox 1271 915 1445 956; x_wconf 89' lang='lat' dir='ltr'>cursus,</span> <span class='ocrx_word' id='word_1_59' title='bbox 1688 922 1749 953; x_wconf 78' lang='lat'>430</span> 
     </span>
     <span class='ocr_line' id='line_1_11' title="bbox 322 961 1535 1024; baseline 0.003 -17"><span class='ocrx_word' id='word_1_60' title='bbox 322 978 464 1024; x_wconf 92' lang='lat' dir='ltr'>quam</span> <span class='ocrx_word' id='word_1_61' title='bbox 490 961 636 1007; x_wconf 90' lang='lat' dir='ltr'>semel</span> <span class='ocrx_word' id='word_1_62' title='bbox 663 963 919 1010; x_wconf 89' lang='lat' dir='ltr'>informem</span> <span class='ocrx_word' id='word_1_63' title='bbox 944 977 1072 1010; x_wconf 89' lang='lat' dir='ltr'>vasto</span> <span class='ocrx_word' id='word_1_64' title='bbox 1097 964 1266 1011; x_wconf 86' lang='lat' dir='ltr'>vidisse</span> <span class='ocrx_word' id='word_1_65' title='bbox 1292 966 1376 1011; x_wconf 89' lang='lat' dir='ltr'>sub</span> <span class='ocrx_word' id='word_1_66' title='bbox 1402 977 1535 1010; x_wconf 90' lang='lat' dir='ltr'>antro</span> 
     </span>
     <span class='ocr_line' id='line_1_12' title="bbox 325 1028 1517 1090; baseline 0.004 -17"><span class='ocrx_word' id='word_1_67' title='bbox 325 1028 534 1090; x_wconf 86' lang='lat' dir='ltr'>Scyllam</span> <span class='ocrx_word' id='word_1_68' title='bbox 561 1040 607 1074; x_wconf 90' lang='lat' dir='ltr'>et</span> <span class='ocrx_word' id='word_1_69' title='bbox 633 1029 860 1074; x_wconf 85' lang='lat' dir='ltr'>caeruleis</span> <span class='ocrx_word' id='word_1_70' title='bbox 888 1029 1080 1076; x_wconf 88' lang='lat' dir='ltr'>canibus</span> <span class='ocrx_word' id='word_1_71' title='bbox 1106 1031 1373 1077; x_wconf 89' lang='lat' dir='ltr'>resonantia</span> <span class='ocrx_word' id='word_1_72' title='bbox 1397 1048 1517 1078; x_wconf 83' lang='lat' dir='ltr'>saxa.</span> 
     </span>
     <span class='ocr_line' id='line_1_13' title="bbox 320 1085 1479 1159; baseline 0.002 -19"><span class='ocrx_word' id='word_1_73' title='bbox 320 1107 576 1157; x_wconf 86' lang='lat' dir='ltr'>praeterea,</span> <span class='ocrx_word' id='word_1_74' title='bbox 604 1094 637 1140; x_wconf 88' lang='lat' dir='ltr'>si</span> <span class='ocrx_word' id='word_1_75' title='bbox 664 1112 755 1157; x_wconf 92' lang='lat' dir='ltr'>qua</span> <span class='ocrx_word' id='word_1_76' title='bbox 781 1107 849 1141; x_wconf 91' lang='lat' dir='ltr'>est</span> <span class='ocrx_word' id='word_1_77' title='bbox 876 1085 1071 1143; x_wconf 80' lang='lat' dir='ltr'>Heleno</span> <span class='ocrx_word' id='word_1_78' title='bbox 1095 1098 1361 1159; x_wconf 90' lang='lat' dir='ltr'>prudentia,</span> <span class='ocrx_word' id='word_1_79' title='bbox 1388 1097 1479 1143; x_wconf 87' lang='lat' dir='ltr'>vati</span> 
     </span>
    </p>

    <p class='ocr_par' dir='ltr' id='par_1_10' title="bbox 322 1161 1473 1227">
     <span class='ocr_line' id='line_1_14' title="bbox 322 1161 1473 1227; baseline 0.003 -19"><span class='ocrx_word' id='word_1_80' title='bbox 322 1161 356 1208; x_wconf 90' lang='lat' dir='ltr'>si</span> <span class='ocrx_word' id='word_1_81' title='bbox 384 1179 475 1224; x_wconf 91' lang='lat' dir='ltr'>qua</span> <span class='ocrx_word' id='word_1_82' title='bbox 498 1161 627 1216; x_wconf 89' lang='lat' dir='ltr'>fides,</span> <span class='ocrx_word' id='word_1_83' title='bbox 655 1161 868 1208; x_wconf 90' lang='lat' dir='ltr'>animum</span> <span class='ocrx_word' id='word_1_84' title='bbox 896 1162 929 1208; x_wconf 91' lang='lat' dir='ltr'>si</span> <span class='ocrx_word' id='word_1_85' title='bbox 956 1163 1074 1209; x_wconf 92' lang='lat' dir='ltr'>veris</span> <span class='ocrx_word' id='word_1_86' title='bbox 1100 1164 1255 1226; x_wconf 90' lang='lat' dir='ltr'>inplet</span> <span class='ocrx_word' id='word_1_87' title='bbox 1279 1164 1473 1227; x_wconf 91' lang='lat' dir='ltr'>Apollo,</span> 
     </span>
    </p>

    <p class='ocr_par' dir='ltr' id='par_1_11' title="bbox 322 1227 1749 1424">
     <span class='ocr_line' id='line_1_15' title="bbox 322 1227 1639 1293; baseline 0.002 -20"><span class='ocrx_word' id='word_1_88' title='bbox 322 1245 473 1274; x_wconf 93' lang='lat' dir='ltr'>unum</span> <span class='ocrx_word' id='word_1_89' title='bbox 499 1228 621 1274; x_wconf 89' lang='lat' dir='ltr'>illud</span> <span class='ocrx_word' id='word_1_90' title='bbox 647 1227 747 1285; x_wconf 86' lang='lat' dir='ltr'>tibi,</span> <span class='ocrx_word' id='word_1_91' title='bbox 777 1240 886 1274; x_wconf 90' lang='lat' dir='ltr'>nate</span> <span class='ocrx_word' id='word_1_92' title='bbox 913 1228 1014 1287; x_wconf 89' lang='lat' dir='ltr'>dea,</span> <span class='ocrx_word' id='word_1_93' title='bbox 1040 1247 1218 1293; x_wconf 89' lang='lat' dir='ltr'>proque</span> <span class='ocrx_word' id='word_1_94' title='bbox 1245 1230 1465 1277; x_wconf 87' lang='lat' dir='ltr'>omnibus</span> <span class='ocrx_word' id='word_1_95' title='bbox 1490 1246 1639 1276; x_wconf 91' lang='lat' dir='ltr'>unum</span> 
     </span>
     <span class='ocr_line' id='line_1_16' title="bbox 322 1294 1749 1359; baseline 0.001 -19"><span class='ocrx_word' id='word_1_96' title='bbox 322 1294 588 1357; x_wconf 89' lang='lat' dir='ltr'>praedicam</span> <span class='ocrx_word' id='word_1_97' title='bbox 611 1307 657 1340; x_wconf 92' lang='lat' dir='ltr'>et</span> <span class='ocrx_word' id='word_1_98' title='bbox 682 1308 902 1357; x_wconf 90' lang='lat' dir='ltr'>repetens</span> <span class='ocrx_word' id='word_1_99' title='bbox 929 1295 1194 1359; x_wconf 89' lang='lat' dir='ltr'>iterumque</span> <span class='ocrx_word' id='word_1_100' title='bbox 1220 1296 1489 1359; x_wconf 89' lang='lat' dir='ltr'>iterumque</span> <span class='ocrx_word' id='word_1_101' title='bbox 1510 1296 1713 1343; x_wconf 91' lang='lat' dir='ltr'>monebo</span> <span class='ocrx_word' id='word_1_102' title='bbox 1737 1313 1749 1342; x_wconf 91' lang='lat'><strong>:</strong></span> 
     </span>
     <span class='ocr_line' id='line_1_17' title="bbox 322 1361 1524 1424; baseline 0.002 -17"><span class='ocrx_word' id='word_1_103' title='bbox 322 1361 519 1408; x_wconf 89' lang='lat' dir='ltr'>Iunonis</span> <span class='ocrx_word' id='word_1_104' title='bbox 544 1378 739 1422; x_wconf 90' lang='lat' dir='ltr'>magnae</span> <span class='ocrx_word' id='word_1_105' title='bbox 766 1361 971 1424; x_wconf 89' lang='lat' dir='ltr'>primum</span> <span class='ocrx_word' id='word_1_106' title='bbox 996 1379 1138 1424; x_wconf 91' lang='lat' dir='ltr'>prece</span> <span class='ocrx_word' id='word_1_107' title='bbox 1164 1379 1344 1409; x_wconf 91' lang='lat' dir='ltr'>numen</span> <span class='ocrx_word' id='word_1_108' title='bbox 1371 1363 1524 1420; x_wconf 88' lang='lat' dir='ltr'>adora,</span> 
     </span>
    </p>

    <p class='ocr_par' dir='ltr' id='par_1_12' title="bbox 322 1428 1754 1756">
     <span class='ocr_line' id='line_1_18' title="bbox 323 1428 1592 1491; baseline 0.002 -18"><span class='ocrx_word' id='word_1_109' title='bbox 323 1428 498 1474; x_wconf 89' lang='lat' dir='ltr'>Iunoni</span> <span class='ocrx_word' id='word_1_110' title='bbox 526 1445 643 1474; x_wconf 92' lang='lat' dir='ltr'>cane</span> <span class='ocrx_word' id='word_1_111' title='bbox 670 1440 776 1474; x_wconf 86' lang='lat' dir='ltr'>vota</span> <span class='ocrx_word' id='word_1_112' title='bbox 803 1428 954 1474; x_wconf 90' lang='lat' dir='ltr'>libens</span> <span class='ocrx_word' id='word_1_113' title='bbox 980 1429 1318 1491; x_wconf 90' lang='lat' dir='ltr'>dominamque</span> <span class='ocrx_word' id='word_1_114' title='bbox 1342 1442 1592 1491; x_wconf 90' lang='lat' dir='ltr'>potentem</span> 
     </span>
     <span class='ocr_line' id='line_1_19' title="bbox 323 1494 1514 1558; baseline 0.001 -17"><span class='ocrx_word' id='word_1_115' title='bbox 323 1494 616 1557; x_wconf 86' lang='lat' dir='ltr'>supplicibus</span> <span class='ocrx_word' id='word_1_116' title='bbox 641 1511 805 1557; x_wconf 89' lang='lat' dir='ltr'>supera</span> <span class='ocrx_word' id='word_1_117' title='bbox 833 1495 998 1553; x_wconf 90' lang='lat' dir='ltr'>donis;</span> <span class='ocrx_word' id='word_1_118' title='bbox 1036 1495 1101 1542; x_wconf 90' lang='lat' dir='ltr'>sic</span> <span class='ocrx_word' id='word_1_119' title='bbox 1129 1495 1338 1558; x_wconf 89' lang='lat' dir='ltr'>denique</span> <span class='ocrx_word' id='word_1_120' title='bbox 1362 1495 1514 1542; x_wconf 89' lang='lat' dir='ltr'>victor</span> 
     </span>
     <span class='ocr_line' id='line_1_20' title="bbox 323 1561 1754 1615; baseline 0 -7"><span class='ocrx_word' id='word_1_121' title='bbox 323 1561 573 1608; x_wconf 85' lang='lat' dir='ltr'>Trinacria</span> <span class='ocrx_word' id='word_1_122' title='bbox 597 1561 714 1607; x_wconf 90' lang='lat' dir='ltr'>fines</span> <span class='ocrx_word' id='word_1_123' title='bbox 739 1562 882 1607; x_wconf 86' lang='lat' dir='ltr'>Italos</span> <span class='ocrx_word' id='word_1_124' title='bbox 910 1561 1100 1608; x_wconf 89' lang='lat' dir='ltr'>mittere</span> <span class='ocrx_word' id='word_1_125' title='bbox 1125 1562 1307 1610; x_wconf 89' lang='lat' dir='ltr'>relicta.</span> <span class='ocrx_word' id='word_1_126' title='bbox 1692 1586 1754 1615; x_wconf 87' lang='lat'>440</span> 
     </span>
     <span class='ocr_line' id='line_1_21' title="bbox 322 1628 1495 1676; baseline 0.002 -2"><span class='ocrx_word' id='word_1_127' title='bbox 322 1629 415 1674; x_wconf 91' lang='lat' dir='ltr'>huc</span> <span class='ocrx_word' id='word_1_128' title='bbox 443 1628 523 1674; x_wconf 93' lang='lat' dir='ltr'>ubi</span> <span class='ocrx_word' id='word_1_129' title='bbox 551 1628 734 1674; x_wconf 85' lang='lat' dir='ltr'>delatus</span> <span class='ocrx_word' id='word_1_130' title='bbox 765 1628 1028 1675; x_wconf 88' lang='lat' dir='ltr'>Cumaeam</span> <span class='ocrx_word' id='word_1_131' title='bbox 1055 1629 1301 1676; x_wconf 86' lang='lat' dir='ltr'>accesseris</span> <span class='ocrx_word' id='word_1_132' title='bbox 1329 1629 1495 1676; x_wconf 88' lang='lat' dir='ltr'>urbem</span> 
     </span>
     <span class='ocr_line' id='line_1_22' title="bbox 322 1693 1458 1756; baseline 0.002 -17"><span class='ocrx_word' id='word_1_133' title='bbox 322 1693 604 1756; x_wconf 88' lang='lat' dir='ltr'>divinosque</span> <span class='ocrx_word' id='word_1_134' title='bbox 630 1694 758 1741; x_wconf 90' lang='lat' dir='ltr'>lacus</span> <span class='ocrx_word' id='word_1_135' title='bbox 787 1708 833 1741; x_wconf 91' lang='lat' dir='ltr'>et</span> <span class='ocrx_word' id='word_1_136' title='bbox 857 1696 1048 1741; x_wconf 89' lang='lat' dir='ltr'>Averna</span> <span class='ocrx_word' id='word_1_137' title='bbox 1074 1696 1290 1742; x_wconf 89' lang='lat' dir='ltr'>sonantia</span> <span class='ocrx_word' id='word_1_138' title='bbox 1315 1695 1458 1753; x_wconf 88' lang='lat' dir='ltr'>silvis,</span> 
     </span>
    </p>

    <p class='ocr_par' dir='ltr' id='par_1_13' title="bbox 321 1760 1484 1824">
     <span class='ocr_line' id='line_1_23' title="bbox 321 1760 1484 1824; baseline 0.002 -18"><span class='ocrx_word' id='word_1_139' title='bbox 321 1760 538 1806; x_wconf 88' lang='lat' dir='ltr'>insanam</span> <span class='ocrx_word' id='word_1_140' title='bbox 564 1773 722 1810; x_wconf 87' lang='lat' dir='ltr'>vatem</span> <span class='ocrx_word' id='word_1_141' title='bbox 750 1761 961 1823; x_wconf 88' lang='lat' dir='ltr'>aspicies,</span> <span class='ocrx_word' id='word_1_142' title='bbox 991 1778 1111 1824; x_wconf 91' lang='lat' dir='ltr'>quae</span> <span class='ocrx_word' id='word_1_143' title='bbox 1137 1779 1253 1824; x_wconf 90' lang='lat' dir='ltr'>rupe</span> <span class='ocrx_word' id='word_1_144' title='bbox 1280 1762 1363 1808; x_wconf 88' lang='lat' dir='ltr'>sub</span> <span class='ocrx_word' id='word_1_145' title='bbox 1390 1761 1484 1808; x_wconf 90' lang='lat' dir='ltr'>ima</span> 
     </span>
    </p>

    <p class='ocr_par' dir='ltr' id='par_1_14' title="bbox 322 1826 1665 2222">
     <span class='ocr_line' id='line_1_24' title="bbox 322 1826 1519 1889; baseline 0.002 -16"><span class='ocrx_word' id='word_1_146' title='bbox 322 1827 419 1874; x_wconf 90' lang='lat' dir='ltr'>fata</span> <span class='ocrx_word' id='word_1_147' title='bbox 445 1826 576 1873; x_wconf 91' lang='lat' dir='ltr'>canit</span> <span class='ocrx_word' id='word_1_148' title='bbox 600 1827 825 1889; x_wconf 86' lang='lat' dir='ltr'>foliisque</span> <span class='ocrx_word' id='word_1_149' title='bbox 853 1840 987 1874; x_wconf 89' lang='lat' dir='ltr'>notas</span> <span class='ocrx_word' id='word_1_150' title='bbox 1016 1840 1061 1874; x_wconf 91' lang='lat' dir='ltr'>et</span> <span class='ocrx_word' id='word_1_151' title='bbox 1088 1828 1283 1874; x_wconf 91' lang='lat' dir='ltr'>nomina</span> <span class='ocrx_word' id='word_1_152' title='bbox 1308 1828 1519 1875; x_wconf 86' lang='lat' dir='ltr'>mandat.</span> 
     </span>
     <span class='ocr_line' id='line_1_25' title="bbox 323 1892 1564 1957; baseline 0.001 -17"><span class='ocrx_word' id='word_1_153' title='bbox 323 1910 652 1956; x_wconf 90' lang='lat' dir='ltr'>quaecumque</span> <span class='ocrx_word' id='word_1_154' title='bbox 678 1892 882 1940; x_wconf 71' lang='lat' dir='ltr'>in&#39;foliis</span> <span class='ocrx_word' id='word_1_155' title='bbox 910 1894 1159 1957; x_wconf 89' lang='lat' dir='ltr'>descripsit</span> <span class='ocrx_word' id='word_1_156' title='bbox 1184 1895 1394 1941; x_wconf 92' lang='lat' dir='ltr'>carmina</span> <span class='ocrx_word' id='word_1_157' title='bbox 1418 1894 1564 1956; x_wconf 90' lang='lat' dir='ltr'>virg0,</span> 
     </span>
     <span class='ocr_line' id='line_1_26' title="bbox 323 1959 1664 2024; baseline 0 -18"><span class='ocrx_word' id='word_1_158' title='bbox 323 1959 496 2021; x_wconf 90' lang='lat' dir='ltr'>digerit</span> <span class='ocrx_word' id='word_1_159' title='bbox 521 1960 571 2006; x_wconf 93' lang='lat' dir='ltr'>in</span> <span class='ocrx_word' id='word_1_160' title='bbox 599 1977 852 2007; x_wconf 89' lang='lat' dir='ltr'>numerum</span> <span class='ocrx_word' id='word_1_161' title='bbox 881 1974 1023 2023; x_wconf 91' lang='lat' dir='ltr'>atque</span> <span class='ocrx_word' id='word_1_162' title='bbox 1050 1975 1186 2007; x_wconf 91' lang='lat' dir='ltr'>antro</span> <span class='ocrx_word' id='word_1_163' title='bbox 1213 1962 1392 2008; x_wconf 89' lang='lat' dir='ltr'>seclusa</span> <span class='ocrx_word' id='word_1_164' title='bbox 1417 1959 1664 2024; x_wconf 91' lang='lat' dir='ltr'>relinquit.</span> 
     </span>
     <span class='ocr_line' id='line_1_27' title="bbox 323 2026 1665 2090; baseline 0.001 -18"><span class='ocrx_word' id='word_1_165' title='bbox 323 2026 407 2072; x_wconf 92' lang='lat' dir='ltr'>illa</span> <span class='ocrx_word' id='word_1_166' title='bbox 433 2039 632 2073; x_wconf 90' lang='lat' dir='ltr'>manent</span> <span class='ocrx_word' id='word_1_167' title='bbox 657 2026 838 2072; x_wconf 90' lang='lat' dir='ltr'>inmota</span> <span class='ocrx_word' id='word_1_168' title='bbox 866 2027 982 2074; x_wconf 91' lang='lat' dir='ltr'>locis</span> <span class='ocrx_word' id='word_1_169' title='bbox 1010 2044 1166 2090; x_wconf 92' lang='lat' dir='ltr'>neque</span> <span class='ocrx_word' id='word_1_170' title='bbox 1193 2028 1249 2074; x_wconf 92' lang='lat' dir='ltr'>ab</span> <span class='ocrx_word' id='word_1_171' title='bbox 1276 2028 1443 2075; x_wconf 89' lang='lat' dir='ltr'>ordine</span> <span class='ocrx_word' id='word_1_172' title='bbox 1470 2027 1665 2074; x_wconf 86' lang='lat' dir='ltr'>cedunt.</span> 
     </span>
     <span class='ocr_line' id='line_1_28' title="bbox 322 2093 1593 2151; baseline 0.001 -12"><span class='ocrx_word' id='word_1_173' title='bbox 322 2110 488 2140; x_wconf 85' lang='lat' dir='ltr'>verum</span> <span class='ocrx_word' id='word_1_174' title='bbox 516 2093 698 2151; x_wconf 88' lang='lat' dir='ltr'>eadem,</span> <span class='ocrx_word' id='word_1_175' title='bbox 724 2110 858 2139; x_wconf 90' lang='lat' dir='ltr'>verso</span> <span class='ocrx_word' id='word_1_176' title='bbox 888 2093 1044 2141; x_wconf 91' lang='lat' dir='ltr'>tenuis</span> <span class='ocrx_word' id='word_1_177' title='bbox 1070 2111 1179 2141; x_wconf 92' lang='lat' dir='ltr'>cum</span> <span class='ocrx_word' id='word_1_178' title='bbox 1205 2094 1399 2141; x_wconf 90' lang='lat' dir='ltr'>cardine</span> <span class='ocrx_word' id='word_1_179' title='bbox 1423 2106 1593 2140; x_wconf 88' lang='lat' dir='ltr'>ventus</span> 
     </span>
     <span class='ocr_line' id='line_1_29' title="bbox 323 2160 1423 2222; baseline 0.002 -17"><span class='ocrx_word' id='word_1_180' title='bbox 323 2160 503 2222; x_wconf 92' lang='lat' dir='ltr'>inpulit</span> <span class='ocrx_word' id='word_1_181' title='bbox 529 2173 575 2206; x_wconf 92' lang='lat' dir='ltr'>et</span> <span class='ocrx_word' id='word_1_182' title='bbox 603 2173 788 2206; x_wconf 86' lang='lat' dir='ltr'>teneras</span> <span class='ocrx_word' id='word_1_183' title='bbox 815 2161 1021 2207; x_wconf 88' lang='lat' dir='ltr'>turbavit</span> <span class='ocrx_word' id='word_1_184' title='bbox 1047 2160 1186 2208; x_wconf 90' lang='lat' dir='ltr'>ianua</span> <span class='ocrx_word' id='word_1_185' title='bbox 1217 2161 1423 2219; x_wconf 88' lang='lat' dir='ltr'>frondes,</span> 
     </span>
    </p>

    <p class='ocr_par' dir='ltr' id='par_1_15' title="bbox 324 2227 1757 2423">
     <span class='ocr_line' id='line_1_30' title="bbox 324 2227 1757 2290; baseline -0.001 -17"><span class='ocrx_word' id='word_1_186' title='bbox 324 2243 585 2289; x_wconf 91' lang='lat' dir='ltr'>numquam</span> <span class='ocrx_word' id='word_1_187' title='bbox 611 2227 788 2273; x_wconf 91' lang='lat' dir='ltr'>deinde</span> <span class='ocrx_word' id='word_1_188' title='bbox 814 2244 929 2274; x_wconf 90' lang='lat' dir='ltr'>cavo</span> <span class='ocrx_word' id='word_1_189' title='bbox 954 2227 1203 2274; x_wconf 90' lang='lat' dir='ltr'>volitantia</span> <span class='ocrx_word' id='word_1_190' title='bbox 1228 2228 1464 2290; x_wconf 91' lang='lat' dir='ltr'>prendere</span> <span class='ocrx_word' id='word_1_191' title='bbox 1489 2243 1600 2273; x_wconf 89' lang='lat' dir='ltr'>saxo</span> <span class='ocrx_word' id='word_1_192' title='bbox 1693 2249 1757 2281; x_wconf 72' lang='lat'>450</span> 
     </span>
     <span class='ocr_line' id='line_1_31' title="bbox 325 2293 1558 2355; baseline -0.001 -16"><span class='ocrx_word' id='word_1_193' title='bbox 325 2310 414 2339; x_wconf 91' lang='lat' dir='ltr'>nec</span> <span class='ocrx_word' id='word_1_194' title='bbox 441 2310 662 2340; x_wconf 88' lang='lat' dir='ltr'>revocare</span> <span class='ocrx_word' id='word_1_195' title='bbox 690 2293 802 2340; x_wconf 88' lang='lat' dir='ltr'>situs</span> <span class='ocrx_word' id='word_1_196' title='bbox 831 2308 910 2340; x_wconf 89' lang='lat' dir='ltr'>aut</span> <span class='ocrx_word' id='word_1_197' title='bbox 937 2295 1131 2355; x_wconf 90' lang='lat' dir='ltr'>iungere</span> <span class='ocrx_word' id='word_1_198' title='bbox 1157 2294 1366 2341; x_wconf 90' lang='lat' dir='ltr'>carmina</span> <span class='ocrx_word' id='word_1_199' title='bbox 1393 2305 1524 2340; x_wconf 91' lang='lat' dir='ltr'>curat</span> <span class='ocrx_word' id='word_1_200' title='bbox 1549 2311 1558 2339; x_wconf 85' lang='lat'>;</span> 
     </span>
     <span class='ocr_line' id='line_1_32' title="bbox 325 2359 1491 2423; baseline 0 -18"><span class='ocrx_word' id='word_1_201' title='bbox 325 2359 584 2406; x_wconf 90' lang='lat' dir='ltr'>inconsulti</span> <span class='ocrx_word' id='word_1_202' title='bbox 611 2360 789 2406; x_wconf 89' lang='lat' dir='ltr'>abeunt</span> <span class='ocrx_word' id='word_1_203' title='bbox 815 2361 1071 2423; x_wconf 84' lang='lat' dir='ltr'>sedemque</span> <span class='ocrx_word' id='word_1_204' title='bbox 1097 2361 1240 2407; x_wconf 89' lang='lat' dir='ltr'>odere</span> <span class='ocrx_word' id='word_1_205' title='bbox 1268 2360 1491 2421; x_wconf 89' lang='lat' dir='ltr'>Sibyllae.</span> 
     </span>
    </p>

    <p class='ocr_par' dir='ltr' id='par_1_16' title="bbox 324 2425 1588 2556">
     <span class='ocr_line' id='line_1_33' title="bbox 324 2425 1550 2489; baseline -0.001 -17"><span class='ocrx_word' id='word_1_206' title='bbox 324 2426 403 2472; x_wconf 92' lang='lat' dir='ltr'>hic</span> <span class='ocrx_word' id='word_1_207' title='bbox 432 2426 517 2472; x_wconf 90' lang='lat' dir='ltr'>tibi</span> <span class='ocrx_word' id='word_1_208' title='bbox 546 2443 606 2472; x_wconf 93' lang='lat' dir='ltr'>ne</span> <span class='ocrx_word' id='word_1_209' title='bbox 633 2444 724 2489; x_wconf 91' lang='lat' dir='ltr'>qua</span> <span class='ocrx_word' id='word_1_210' title='bbox 749 2444 906 2473; x_wconf 91' lang='lat' dir='ltr'>morae</span> <span class='ocrx_word' id='word_1_211' title='bbox 933 2427 1114 2473; x_wconf 92' lang='lat' dir='ltr'>fuerint</span> <span class='ocrx_word' id='word_1_212' title='bbox 1140 2426 1386 2488; x_wconf 90' lang='lat' dir='ltr'>dispendia</span> <span class='ocrx_word' id='word_1_213' title='bbox 1415 2425 1550 2479; x_wconf 63' lang='lat' dir='ltr'>tanti.‚</span> 
     </span>
     <span class='ocr_line' id='line_1_34' title="bbox 325 2491 1588 2556; baseline -0.001 -18"><span class='ocrx_word' id='word_1_214' title='bbox 325 2493 537 2556; x_wconf 88' lang='lat' dir='ltr'>quamvis</span> <span class='ocrx_word' id='word_1_215' title='bbox 564 2493 859 2555; x_wconf 88' lang='lat' dir='ltr'>increpitent</span> <span class='ocrx_word' id='word_1_216' title='bbox 885 2493 999 2539; x_wconf 90' lang='lat' dir='ltr'>socii</span> <span class='ocrx_word' id='word_1_217' title='bbox 1028 2506 1075 2539; x_wconf 93' lang='lat' dir='ltr'>et</span> <span class='ocrx_word' id='word_1_218' title='bbox 1101 2492 1145 2539; x_wconf 90' lang='lat' dir='ltr'>vi</span> <span class='ocrx_word' id='word_1_219' title='bbox 1174 2509 1333 2538; x_wconf 88' lang='lat' dir='ltr'>cursus</span> <span class='ocrx_word' id='word_1_220' title='bbox 1360 2491 1410 2538; x_wconf 93' lang='lat' dir='ltr'>in</span> <span class='ocrx_word' id='word_1_221' title='bbox 1437 2492 1588 2537; x_wconf 88' lang='lat' dir='ltr'>altum</span> 
     </span>
    </p>

    <p class='ocr_par' dir='ltr' id='par_1_17' title="bbox 325 2558 1498 2622">
     <span class='ocr_line' id='line_1_35' title="bbox 325 2558 1498 2622; baseline -0.003 -16"><span class='ocrx_word' id='word_1_222' title='bbox 325 2559 431 2606; x_wconf 90' lang='lat' dir='ltr'>vela</span> <span class='ocrx_word' id='word_1_223' title='bbox 455 2572 596 2606; x_wconf 89' lang='lat' dir='ltr'>vocet</span> <span class='ocrx_word' id='word_1_224' title='bbox 620 2559 861 2622; x_wconf 86' lang='lat' dir='ltr'>possisque</span> <span class='ocrx_word' id='word_1_225' title='bbox 887 2558 1014 2605; x_wconf 90' lang='lat' dir='ltr'>sinus</span> <span class='ocrx_word' id='word_1_226' title='bbox 1039 2558 1225 2621; x_wconf 92' lang='lat' dir='ltr'>inplere</span> <span class='ocrx_word' id='word_1_227' title='bbox 1251 2558 1498 2615; x_wconf 88' lang='lat' dir='ltr'>secundos,</span> 
     </span>
    </p>

    <p class='ocr_par' dir='ltr' id='par_1_18' title="bbox 326 2625 1533 2689">
     <span class='ocr_line' id='line_1_36' title="bbox 326 2625 1533 2689; baseline -0.002 -17"><span class='ocrx_word' id='word_1_228' title='bbox 326 2626 442 2689; x_wconf 92' lang='lat' dir='ltr'>quin</span> <span class='ocrx_word' id='word_1_229' title='bbox 469 2626 606 2672; x_wconf 90' lang='lat' dir='ltr'>adeas</span> <span class='ocrx_word' id='word_1_230' title='bbox 632 2638 790 2672; x_wconf 90' lang='lat' dir='ltr'>vatem</span> <span class='ocrx_word' id='word_1_231' title='bbox 816 2625 1131 2688; x_wconf 88' lang='lat' dir='ltr'>precibusque</span> <span class='ocrx_word' id='word_1_232' title='bbox 1157 2625 1345 2671; x_wconf 91' lang='lat' dir='ltr'>oracula</span> <span class='ocrx_word' id='word_1_233' title='bbox 1370 2641 1533 2687; x_wconf 90' lang='lat' dir='ltr'>poscas</span> 
     </span>
    </p>

    <p class='ocr_par' dir='ltr' id='par_1_19' title="bbox 327 2690 1590 2754">
     <span class='ocr_line' id='line_1_37' title="bbox 327 2690 1590 2754; baseline 0.002 -17"><span class='ocrx_word' id='word_1_234' title='bbox 327 2693 426 2754; x_wconf 89' lang='lat' dir='ltr'>ipsa</span> <span class='ocrx_word' id='word_1_235' title='bbox 453 2705 593 2739; x_wconf 89' lang='lat' dir='ltr'>canat</span> <span class='ocrx_word' id='word_1_236' title='bbox 618 2709 881 2754; x_wconf 91' lang='lat' dir='ltr'>vocemque</span> <span class='ocrx_word' id='word_1_237' title='bbox 906 2691 1070 2738; x_wconf 89' lang='lat' dir='ltr'>volens</span> <span class='ocrx_word' id='word_1_238' title='bbox 1097 2704 1237 2753; x_wconf 92' lang='lat' dir='ltr'>atque</span> <span class='ocrx_word' id='word_1_239' title='bbox 1264 2708 1343 2737; x_wconf 90' lang='lat' dir='ltr'>ora</span> <span class='ocrx_word' id='word_1_240' title='bbox 1370 2690 1590 2739; x_wconf 82' lang='lat' dir='ltr'>resolvat.</span> 
     </span>
    </p>

    <p class='ocr_par' dir='ltr' id='par_1_20' title="bbox 328 2757 1434 2821">
     <span class='ocr_line' id='line_1_38' title="bbox 328 2757 1434 2821; baseline 0 -18"><span class='ocrx_word' id='word_1_241' title='bbox 328 2758 411 2805; x_wconf 91' lang='lat' dir='ltr'>illa</span> <span class='ocrx_word' id='word_1_242' title='bbox 439 2759 524 2805; x_wconf 92' lang='lat' dir='ltr'>tibi</span> <span class='ocrx_word' id='word_1_243' title='bbox 552 2758 719 2805; x_wconf 89' lang='lat' dir='ltr'>Italiae</span> <span class='ocrx_word' id='word_1_244' title='bbox 744 2758 944 2821; x_wconf 89' lang='lat' dir='ltr'>populos</span> <span class='ocrx_word' id='word_1_245' title='bbox 970 2770 1265 2820; x_wconf 92' lang='lat' dir='ltr'>venturaque</span> <span class='ocrx_word' id='word_1_246' title='bbox 1292 2757 1434 2815; x_wconf 91' lang='lat' dir='ltr'>bella,</span> 
     </span>
    </p>
   </div>
   <div class='ocr_carea' id='block_1_3' title="bbox 1860 1771 1861 2577">
    <p class='ocr_par' dir='ltr' id='par_1_21' title="bbox 1860 1771 1861 2577">
     <span class='ocr_line' id='line_1_39' title="bbox 1860 1771 1861 2577; baseline 0 0"><span class='ocrx_word' id='word_1_247' title='bbox 1860 1771 1861 2577; x_wconf 95' lang='lat' dir='ltr'> </span> 
     </span>
    </p>
   </div>
  </div>
 </body>
</html>
