1861 3256
25 2642 44 2671 x
66 2634 71 2639 ,

546 955 751 1002 LIBER
790 952 1119 1011 QUINTUS

152 1112 359 1158 INTEREA
385 1108 598 1156 medium
622 1109 809 1154 Aeneas
835 1106 930 1152 iam
957 1107 1102 1153 classe
1129 1105 1324 1152 tenebat

151 1190 306 1225 certus
332 1177 437 1233 iter,
465 1175 733 1238 fluctusque
761 1187 884 1220 atros
910 1173 1153 1236 Aquilone
1181 1173 1385 1229 secabat,

151 1244 340 1292 moenia
366 1243 650 1306 respiciens,
668 1258 789 1305 quae
816 1241 911 1287 iam
938 1240 1146 1287 infelicis
1172 1239 1350 1285 Elissae

150 1312 394 1358 collucent
420 1309 638 1356 flammis.
710 1326 831 1371 quae
860 1321 1048 1354 tantum
1075 1305 1389 1354 accenderit
1378 1321 1539 1367 ignem

150 1396 288 1425 causa
312 1379 461 1433 latet3
498 1377 602 1422 duri
631 1393 803 1436 magno
829 1376 911 1422 sed
937 1392 1096 1421 amore
1123 1374 1308 1420 dolores

149 1446 350 1508 pollutO,
378 1457 658 1518 notumque,
686 1443 849 1489 furens
876 1442 992 1505 quid
1018 1441 1199 1488 femina
1223 1439 1387 1503 possit,

151 1512 283 1559 triste
308 1529 393 1574 per
419 1511 666 1572 augurium
694 1511 740 1556 T
747 1526 997 1557 eucrorum
1023 1521 1217 1571 pectora
1242 1507 1442 1554 ducunt.

150 1593 201 1626 ut
227 1580 417 1641 pelagus
445 1591 642 1624 tenuere
669 1591 806 1635 rates,
836 1594 924 1623 nec
952 1575 1046 1622 iam
1074 1574 1276 1638 amplius
1303 1574 1399 1620 ulla

149 1645 356 1693 occurrit
382 1646 537 1704 tellus,
564 1644 711 1691 maria
738 1644 952 1706 undique
979 1656 1026 1689 et
1053 1642 1267 1704 undique
1293 1641 1495 1698 caelum,

148 1713 230 1758 olli
258 1712 500 1759 caeruleus
527 1729 665 1774 supra
692 1724 836 1773 caput
861 1709 1046 1756 adstitit
1072 1709 1239 1766 imber,
1549 1733 1587 1753 10

150 1793 341 1826 noctem
362 1779 667 1841 hiememque
688 1778 862 1835 ferens,
882 1790 928 1822 et
949 1776 1189 1822 inhorruit
1210 1775 1337 1822 unda
1358 1774 1584 1822 tenebriS.

148 1847 246 1909 ipse
272 1847 560 1921 gubernator
584 1845 734 1909 puppi
764 1815 1014 1890 Palinurus
1042 1844 1099 1890 ab
1126 1844 1249 1890 alta:

117 1919 130 1938 ‘
149 1914 269 1961 heu*
309 1913 534 1976 quianam
561 1913 682 1959 tanti
710 1912 967 1959 cinxerunt
993 1912 1186 1958 aethera
1212 1910 1396 1957 nimbi?

149 1981 338 2044 quidve,
364 1994 499 2043 pater
525 1981 774 2043 Neptune,
801 1997 959 2042 paras
952 1979 990 2012 ?’
1064 1978 1129 2025 sic
1155 1978 1332 2024 deinde
1358 1978 1546 2024 locutus

152 2048 374 2109 colligere
400 2065 527 2094 arma
552 2047 701 2106 iubet,
728 2047 993 2110 validisque
1019 2046 1299 2093 incumbere
1325 2045 1482 2102 remis,

151 2114 461 2178 obliquatque
488 2114 616 2161 sinus
643 2115 693 2161 in
718 2129 935 2173 ventum,
964 2132 1016 2161 ac
1045 2113 1156 2160 talia
1182 2114 1337 2159 fatur:

121 2185 134 2206 ‘
152 2182 455 2243 magnanime
478 2183 659 2240 Aenea,
687 2199 801 2239 non,
829 2181 863 2227 si
891 2181 1010 2228 mihi
1040 2180 1258 2243 Iuppiter
1283 2192 1447 2226 auctor

153 2249 396 2310 spondeat,
423 2251 514 2296 hoc
542 2267 727 2312 sperem
752 2249 944 2295 Italiam
970 2248 1249 2308 contingere
1276 2247 1425 2293 caelo.

152 2316 319 2362 mutati
347 2329 609 2363 transversa
635 2317 849 2363 fremunt
877 2329 924 2362 et
949 2333 1143 2378 vespere
1170 2315 1226 2361 ab
1253 2328 1354 2360 atro

151 2397 440 2444 consurgunt
466 2383 615 2442 venti,
643 2397 786 2446 atque
813 2383 862 2429 in
890 2383 1069 2429 nubem
1097 2381 1282 2443 cogitur
1307 2389 1398 2428 aer.
1544 2405 1584 2426 20

153 2465 240 2494 nec
267 2466 350 2495 nos
375 2451 527 2498 obniti
556 2464 720 2498 contra
748 2467 836 2497 nec
865 2450 1062 2496 tendere
1090 2462 1279 2495 tantum
1515 2459 1532 2478 ·

152 2515 418 2564 sufficimus.
488 2531 676 2580 superat
703 2517 930 2580 quoniam
957 2518 1164 2574 fortuna,
1191 2532 1457 2578 sequamur,

152 2599 340 2644 quoque
364 2597 517 2642 vocat,
542 2598 780 2632 vertamus
806 2584 914 2632 iter.
985 2601 1074 2631 nec
1102 2583 1241 2630 litora
1266 2583 1406 2644 longe

152 2647 242 2693 fida
268 2665 372 2694 reor
397 2650 602 2697 fraterna
629 2652 791 2713 Erycis
816 2665 1076 2714 portusque
1104 2650 1313 2707 SicanOS,

151 2714 186 2760 si
213 2715 356 2761 modo
381 2715 470 2762 rite
495 2734 677 2764 memor
702 2732 882 2765 servata
908 2717 1134 2765 remetior
1159 2717 1313 2763 astra.’

740 2796 761 2832 6
793 2802 927 2844 posset.
