1866 3208
283 245 354 296 198
738 247 781 285 P.
810 245 1042 285 VERGILI
1073 247 1332 286 MARoN1s

349 371 440 418 qua
466 354 580 400 ludo
606 354 800 400 indutus
826 353 940 399 belli
967 353 1213 402 simulacra
1239 354 1409 401 ciebat.

349 421 585 467 adcelerat
611 419 750 466 simul
775 419 975 478 Aeneas,
1001 420 1140 467 simul
1167 421 1352 482 agmina
1378 420 1643 467 Teucrum.

349 500 417 533 ast
442 487 552 532 illae
578 485 759 531 diversa
785 499 914 532 metu
941 503 1024 549 per
1049 487 1187 534 litora
1210 487 1381 550 passim

348 552 621 612 diffugiunt,
648 551 880 615 silvasque
906 566 952 600 et
977 553 1125 600 sicubi
1153 571 1360 601 concava
1386 552 1553 599 furtim

348 636 455 665 saxa
479 630 682 680 petunt:
718 618 848 681 piget
873 619 1052 682 incepti
1078 620 1307 683 lucisque,
1335 635 1535 683 suosque

348 697 557 731 mutatae
583 684 893 745 adgnoscunt,
921 703 1208 750 excussaque
1234 699 1426 749 pectore
1453 686 1577 731 Iuno
1604 698 1688 732 est.

348 751 429 798 sed
454 767 550 797 non
577 750 756 797 idcirco
782 750 998 799 flammae
1024 766 1166 816 atque
1192 751 1414 799 incendia
1440 751 1561 798 vires
1712 766 1773 798 680

348 817 603 863 indomitas
627 834 856 880 posuere:
895 818 989 865 udo
1015 821 1099 866 sub
1131 819 1296 865 robore
1321 818 1438 864 vivit

348 897 516 946 stuppa
541 900 735 930 vomens
763 884 950 931 tardum
976 885 1179 944 fumum,
1207 886 1461 948 lentusque
1487 884 1670 931 carinas

349 963 417 996 est
442 967 602 1012 vapor,
630 963 676 996 et
702 964 802 997 toto
828 951 1075 998 descendit
1100 969 1295 1015 corpore
1319 951 1495 1015 pestis3

350 1033 436 1063 nec
463 1017 583 1062 vires
609 1017 808 1063 heroum
835 1017 1085 1081 infusaque
1111 1018 1309 1065 flumina
1333 1032 1549 1082 prosunt.

349 1097 451 1129 tum
476 1083 581 1145 pius
606 1083 792 1129 Aeneas
819 1084 992 1130 umeris
1018 1085 1293 1132 abscindere
1317 1098 1513 1142 vestem,

349 1149 624 1213 auxilioque
649 1166 816 1196 vocare
842 1150 968 1208 deos,
996 1164 1042 1198 et
1069 1152 1263 1199 tendere
1288 1152 1497 1215 palmas:

349 1216 566 1280 Iuppiter
591 1216 910 1279 omnipotens,
937 1217 973 1263 si
1000 1218 1215 1265 nondum
1242 1235 1407 1265 exosus
1434 1218 1492 1264 ad
1518 1234 1669 1264 unum

349 1283 602 1340 Troianos,
629 1283 663 1329 si
692 1283 806 1346 quid
831 1283 980 1346 pietas
1007 1285 1200 1347 antiqua
1226 1285 1407 1331 labores

349 1349 541 1412 respicit
566 1350 814 1407 humanos,
841 1350 898 1396 da
924 1349 1164 1397 flammam
1191 1351 1388 1397 evadere
1415 1350 1545 1397 classi

350 1433 495 1473 nunc,
525 1417 677 1473 Pater,
705 1429 751 1462 et
778 1429 944 1463 tenues
972 1417 1220 1464 Teucrum
1246 1435 1316 1463 res
1345 1417 1472 1479 eripe
1498 1417 1612 1463 leto.
1716 1431 1778 1471 690

348 1483 422 1529 vel
452 1496 520 1540 tu,
546 1483 672 1546 quod
700 1497 925 1546 superest,
953 1483 1127 1530 infesto
1153 1483 1358 1530 fulmine
1384 1483 1541 1540 morti,

349 1550 384 1595 si
410 1566 608 1607 mereor,
635 1550 850 1607 demitte,
879 1563 1054 1613 tuaque
1079 1550 1157 1597 hic
1185 1550 1330 1597 obrue
1357 1549 1554 1597 dextra!

349 1616 426 1662 vix
453 1618 568 1662 haec
597 1617 823 1674 ediderat,
851 1633 960 1663 cum
989 1616 1145 1663 effusis
1172 1616 1401 1663 imbribus
1428 1630 1526 1662 atra

351 1696 602 1745 tempestas
630 1683 728 1729 sine
755 1700 884 1730 more
912 1683 1043 1740 furit,
1072 1683 1351 1746 tonitruque
1377 1694 1670 1730 tremescunt

349 1749 494 1795 ardua
520 1762 749 1795 terrarum
778 1763 824 1795 et
851 1749 1039 1811 campi;
1075 1750 1171 1795 ruit
1196 1751 1388 1796 aethere
1414 1761 1514 1796 toto

350 1816 565 1862 turbidus
591 1815 743 1862 imber
768 1833 887 1878 aqua
914 1815 1166 1879 densisque
1192 1816 1473 1877 nigerrimus
1497 1814 1713 1871 Austris;

349 1882 694 1945 inplenturque
721 1899 860 1945 super
884 1899 1098 1945 puppes;
1135 1896 1337 1929 semusta
1364 1882 1645 1929 madescunt

350 1949 547 2005 robora;
584 1949 836 1996 restinctus
864 1949 1016 1996 donec
1043 1966 1189 2012 vapor
1213 1949 1384 2006 omnis,
1410 1962 1457 1995 et
1483 1965 1663 2005 omnes,

351 2028 576 2078 quattuor
601 2032 793 2073 amlssls,
821 2029 1027 2062 servatae
1054 2033 1078 2062 a
1104 2029 1234 2078 peste
1260 2032 1464 2062 cannae.

417 2095 464 2128 at
489 2095 622 2144 pater
644 2083 847 2139 Aeneas,
872 2099 980 2129 casu
1009 2098 1262 2129 concussus
1289 2082 1474 2140 acerbo,
1719 2106 1780 2135 700

351 2165 480 2195 nunc
506 2150 599 2195 huc
627 2149 842 2210 ingentes
868 2165 997 2196 nunc
1025 2149 1138 2195 illuc
1165 2162 1357 2211 pectore
1384 2165 1516 2196 curas

350 2216 565 2262 mutabat
590 2233 792 2274 versans,
823 2215 1056 2262 Siculisne
1082 2215 1309 2262 resideret
1335 2215 1470 2272 arviS,

350 2281 527 2328 oblitus
554 2282 775 2340 fatorum,
803 2283 1007 2329 Italasne
1039 2295 1301 2344 capesseret
1326 2298 1443 2328 oras.

351 2360 455 2394 tum
480 2348 637 2394 senior
661 2349 861 2406 Nautes,
890 2365 1040 2395 unum
1067 2348 1290 2394 Tritonia
1318 2347 1471 2393 Pallas

351 2431 494 2477 quem
520 2414 701 2471 docuit,
727 2415 974 2478 multaque
999 2414 1234 2475 insignem
1259 2413 1467 2459 reddidit
1493 2425 1678 2470 arte,—

351 2482 439 2527 hac
466 2497 685 2543 responsa
711 2481 866 2537 dabat,
894 2481 969 2526 vel
997 2497 1117 2543 quae
1141 2479 1451 2542 portenderet
1476 2479 1543 2525 ira

353 2563 518 2608 magna
543 2547 701 2604 deum,
728 2547 802 2593 vel
830 2564 950 2610 quae
976 2547 1184 2593 fatorum
1208 2558 1425 2609 posceret
1450 2545 1634 2592 ordo—-

352 2613 485 2676 isque
509 2613 581 2659 his
605 2614 803 2660 Aenean
831 2614 1004 2659 solatus
1030 2613 1224 2659 vocibus
1251 2612 1388 2659 infit:

321 2684 334 2704 ‘
354 2693 463 2734 nate
489 2680 591 2737 dea,
619 2697 713 2743 quo
739 2680 834 2726 fata
862 2681 1058 2726 trahunt
1083 2680 1443 2741 retrahuntque,
1471 2694 1750 2742 sequamur:

574 2756 650 2795 680
681 2757 891 2795 flammam.
952 2757 1121 2795 flamma,
1180 2756 1256 2805 706
1286 2756 1379 2794 haec
1399 2756 1496 2795 codd.
