1866 3208
554 266 828 305 AENElDos
857 267 961 306 ΜΒ.
993 268 1053 304 XI
1518 282 1593 321 347

165 376 397 424 continuo
423 377 472 423 in
498 388 683 423 montes
709 392 806 421 sese
834 375 961 422 avius
989 375 1172 423 abdidit
1199 376 1316 423 altos
1535 394 1600 426 810

165 444 321 490 occiso
346 458 528 506 pastore
553 443 693 505 lupus
719 458 950 502 magnove
977 443 1200 500 iuvencO,

166 511 382 557 conscius
409 509 596 557 audacis
621 508 749 565 facti,
776 509 1073 572 caudamque
1099 510 1368 556 remulcens

165 577 366 623 subiecit
390 577 682 639 pavitantem
710 589 864 632 utero,
891 576 1124 639 silvasque
1150 577 1321 639 petivit
1346 596 1356 623 :

164 644 292 689 haud
318 660 449 690 secus
478 661 535 690 ex
561 643 710 690 oculis
738 660 783 688 se
811 643 1027 689 turbidus
1056 643 1251 690 abstulit
1276 646 1474 701 Arruns,

165 723 516 773 contentusque
543 711 650 770 fuga
676 710 843 755 mediis
872 727 919 755 se
945 709 1190 756 inmiscuit
1217 711 1373 758 armis.

165 777 245 822 illa
270 794 414 823 manu
441 777 648 823 moriens
676 776 828 822 telum
858 777 1001 822 trahit
1025 798 1037 833 3
1075 794 1174 823 ossa
1201 778 1282 823 sed
1308 778 1434 825 inter

165 844 340 890 ferreus
369 844 426 890 ad
453 858 601 890 costas
629 843 723 889 alto
752 856 840 889 stat
868 844 1066 889 vulnere
1093 861 1274 891 mucro.

163 910 339 956 labitur
365 910 610 971 exsanguis
632 930 646 964 3
685 910 914 956 labuntur
941 910 1110 971 frigida
1135 911 1230 957 leto

163 977 380 1032 lumina;
416 994 678 1040 purpureus
707 978 950 1040 quondam
979 978 1111 1023 color
1136 995 1214 1024 ora
1239 979 1450 1042 reliquit.

165 1057 267 1090 turn
294 1044 357 1090 sic
385 1044 623 1106 exspirans
651 1045 848 1101 Accam,
875 1061 931 1090 ex
960 1044 1235 1107 aequalibus
1261 1063 1424 1102 unam,
1541 1061 1602 1093 820

163 1110 453 1174 adloquitur,
478 1111 570 1157 fida
596 1125 704 1157 ante
734 1111 844 1157 alias
873 1128 994 1174 quae
1021 1111 1118 1157 sola
1146 1111 1397 1168 Camillae,

164 1178 358 1240 quicum
384 1178 546 1240 partiri
574 1195 705 1224 curas
734 1199 747 1235 ;
785 1192 928 1241 atque
954 1179 1070 1224 haec
1097 1178 1163 1224 ita
1188 1179 1314 1225 fatur
1337 1198 1347 1226 ε

131 1251 143 1270 ‘
160 1247 403 1301 hactenus,
421 1246 550 1291 Acca
567 1263 708 1302 soror,
726 1245 862 1308 potui
881 1266 894 1302 3
933 1262 1063 1291 nunc
1082 1246 1256 1292 vulnus
1275 1247 1497 1293 acerbum

164 1312 372 1370 conficit,
400 1326 446 1358 et
475 1313 684 1359 tenebris
713 1312 992 1373 nigrescunt
1022 1312 1184 1358 omnia
1211 1313 1412 1360 circum.

165 1379 317 1439 effuge
345 1392 390 1425 et
416 1380 532 1426 haec
561 1380 732 1425 Turno
760 1379 982 1425 mandata
1007 1379 1260 1426 novissima
1284 1381 1441 1442 perfer
1466 1400 1474 1426 :

165 1446 388 1492 succedat
413 1464 599 1508 pugnae
627 1447 961 1508 Troianosque
988 1460 1142 1492 arceat
1170 1448 1299 1494 urbe.

163 1513 353 1576 iamque
380 1514 512 1560 vale.'
583 1513 722 1559 simul
752 1513 824 1559 his
852 1513 990 1559 dictis
1018 1513 1268 1576 linquebat
1293 1514 1516 1571 habenas,

164 1580 222 1626 ad
249 1593 418 1627 terram
445 1598 542 1626 non
571 1593 739 1642 sponte
767 1579 935 1627 fluens.
1008 1593 1110 1626 tum
1133 1580 1302 1642 frigida
1328 1594 1429 1627 toto

163 1648 392 1708 paulatim
419 1647 622 1694 exsolvit
649 1664 695 1693 se
723 1664 937 1708 corpore,
963 1647 1188 1710 lentaque
1214 1648 1338 1694 colla

164 1728 210 1760 et
237 1728 429 1776 captum
457 1715 553 1761 leto
579 1714 738 1777 posuit
767 1727 927 1775 caput,
955 1730 1080 1760 arma
1104 1714 1396 1778 relinquens,
1540 1730 1602 1770 830

162 1781 353 1844 vitaque
380 1798 491 1828 cum
517 1781 699 1842 gemitu
727 1781 849 1842 fugit
876 1781 1121 1842 indignata
1146 1782 1232 1828 sub
1259 1783 1462 1829 umbras.

165 1862 267 1894 tum
293 1865 404 1895 vero
431 1849 674 1894 inmensus
702 1864 894 1908 surgens
922 1848 1033 1894 ferit
1059 1865 1196 1894 aurea
1224 1849 1404 1896 clamor

165 1916 314 1962 sidera
336 1937 350 1973 ;
387 1915 571 1962 deiecta
592 1915 831 1961 crudescit
856 1932 1015 1978 pugna
1043 1915 1249 1962 Camilla
1271 1935 1285 1970 ;

164 1982 417 2029 incurrunt
443 1982 577 2029 densi
604 1982 745 2028 simul
772 1982 926 2028 omnis
954 1982 1090 2045 copia
1117 1983 1365 2029 Teucrum

165 2049 507 2112 Tyrrhenique
533 2050 676 2095 duces
705 2049 1009 2111 Euandrique
1035 2050 1241 2096 Arcades
1268 2050 1382 2096 alae.

231 2129 277 2162 at
303 2116 498 2162 Triviae
524 2128 681 2162 custos
708 2115 988 2161 iamdudum
1015 2116 1065 2161 in
1092 2116 1336 2162 montibus
1365 2116 1484 2179 Opis

165 2183 258 2229 alta
285 2183 415 2229 sedet
442 2182 651 2239 summis,
681 2196 957 2245 spectatque
983 2182 1196 2230 interrita
1222 2200 1418 2245 pugnas.

165 2262 313 2313 utque
338 2250 506 2325 procul
533 2249 730 2296 medio
719 2266 948 2296 iuvenum
974 2249 1024 2295 in
1052 2251 1259 2296 clamore
1285 2251 1534 2297 furentum

164 2317 404 2392 prospexit
431 2316 550 2364 tristi
576 2316 834 2362 mulcatam
861 2330 1012 2363 morte
1040 2316 1315 2374 Camillam,

165 2384 494 2447 ingemuitque
520 2383 749 2446 deditque
776 2383 895 2429 has
885 2400 980 2429 1m0
1005 2397 1200 2446 pectore
1226 2401 1400 2431 voces:
1537 2399 1597 2439 840

136 2453 148 2474 ‘
166 2451 259 2496 heu
286 2451 506 2508 nimium,
532 2451 678 2511 virgo,
706 2450 910 2496 nimium
942 2451 1137 2497 crudele
1164 2451 1293 2497 luisti

168 2517 471 2577 supplicium,
499 2518 714 2564 Teucros
741 2530 910 2564 conata
934 2518 1162 2565 lacessere
1187 2518 1346 2566 bello!

169 2599 257 2628 nec
284 2582 372 2628 tibi
396 2584 602 2631 desertae
627 2584 677 2630 in
703 2584 859 2631 dumis
886 2585 1086 2632 coluisse
1111 2585 1317 2632 Dianam

166 2648 362 2711 profuit,
389 2662 469 2695 aut
495 2664 671 2696 nostras
698 2667 860 2697 umero
886 2652 1074 2712 gessisse
1100 2654 1355 2714 pharetras.

170 2732 267 2761 non
294 2727 452 2761 tamen
477 2715 750 2762 indecorem
777 2731 857 2763 tua
882 2730 928 2763 te
953 2719 1114 2779 regina
1136 2717 1332 2780 reliquit

279 2791 355 2828 826
385 2791 481 2829 urbi.
599 2792 676 2841 830
705 2793 936 2841 relinquunt.
1049 2793 1128 2841 844
1156 2794 1320 2841 sagittas.
