1861 3256
729 245 774 282 P.
803 243 1035 282 VERGILI
1065 244 1323 283 MARONIS

347 353 481 415 plura
506 352 699 399 domum
725 351 864 397 tardis
888 351 1115 398 decedere
1140 353 1345 415 plaustra
1369 352 1612 410 iuvencis3

348 433 427 466 aut
452 419 576 465 unde
604 418 744 464 iratus
769 417 932 465 silvam
956 419 1145 465 devexit
1170 433 1316 466 arator

348 499 393 533 et
419 502 611 532 nemora
637 484 805 530 evertit
829 485 1000 531 multos
1026 486 1191 546 ignava
1215 503 1297 548 per
1322 503 1479 540 annm,

346 552 652 614 antiquasque
677 551 838 596 domos
864 551 1018 598 avium
1045 569 1154 599 cum
1181 553 1398 614 stirpibus
1424 552 1528 598 imis

346 619 493 666 eruit:
532 617 640 663 illae
667 617 815 663 altum
841 617 961 663 nidis
988 619 1165 680 petiere
1190 619 1380 676 relictis,
1713 644 1775 665 210

346 698 390 732 at
415 684 541 730 rudis
567 683 739 730 enituit
764 683 950 745 inpulso
974 702 1164 731 vomere
1191 703 1398 747 campus.

345 768 455 798 nam
481 750 638 796 ieiuna
663 750 854 813 quidem
881 751 1042 797 clivosi
1068 752 1220 812 glarea
1244 752 1359 797 ruris

344 818 423 864 vix
448 817 650 863 humiles
676 817 836 879 apibus
863 818 1002 864 casias
1027 836 1273 881 roremque
1299 818 1561 874 ministrat;

347 897 392 930 et
418 884 540 930 tofus
566 883 723 929 scaber
749 897 794 930 et
819 884 961 944 nigris
987 901 1122 931 exesa
1148 885 1382 946 chelydris

346 952 470 998 creta
495 963 670 1011 negant
696 950 806 996 alios
832 968 977 1014 aeque
1005 952 1296 1014 serpentibus
1323 969 1448 1012 agros

344 1018 535 1063 dulcem
562 1017 681 1062 ferre
708 1017 868 1063 cibum
895 1030 941 1064 et
966 1035 1128 1064 curvas
1152 1019 1371 1080 praebere
1397 1018 1607 1064 latebras.

345 1101 462 1147 quae
489 1097 683 1129 tenuem
709 1084 894 1130 exhalat
919 1085 1143 1130 nebulam
1170 1086 1415 1147 fumosque
1441 1086 1671 1141 volucres,

346 1164 391 1197 et
417 1150 537 1196 bibit
563 1166 777 1196 umorem
804 1163 862 1207 et,
891 1167 1001 1197 cum
1028 1152 1145 1208 vult,
1172 1169 1227 1197 ex
1255 1169 1299 1197 se
1326 1151 1422 1213 ipsa
1446 1151 1663 1207 remittit,

345 1234 556 1280 quaeque
583 1234 664 1262 suo
691 1233 873 1278 semper
898 1217 1057 1263 viridis
1084 1235 1129 1264 se
1156 1218 1363 1278 gramine
1389 1218 1543 1275 vestit,

345 1301 433 1330 nec
461 1284 614 1330 scabie
641 1296 687 1329 et
712 1284 825 1328 salsa
849 1284 995 1329 laedit
1023 1284 1237 1344 robigine
1263 1285 1454 1341 ferrum,
1714 1309 1776 1330 220

344 1351 425 1396 illa
450 1350 534 1396 tibi
561 1350 691 1396 laetis
718 1349 898 1396 intexet
923 1350 1096 1395 vitibus
1124 1351 1290 1407 ulmos,

344 1417 425 1463 illa
451 1417 578 1462 ferax
605 1417 711 1462 oleo
736 1430 818 1475 est,
846 1417 976 1462 illam
1005 1417 1245 1478 experiere
1272 1417 1472 1462 colendo

345 1496 391 1530 et
416 1484 607 1529 facilem
633 1483 790 1544 pecori
819 1497 864 1529 et
889 1484 1150 1545 patientem
1177 1483 1374 1529 vomeris
1401 1483 1528 1530 unci.

345 1551 488 1597 talem
514 1551 642 1596 dives
669 1564 760 1596 arat
788 1551 951 1612 Capua
978 1564 1023 1596 et
1049 1550 1206 1596 vicina
1231 1551 1442 1596 Vesaevo

344 1635 424 1663 ora
447 1617 556 1677 iugo
583 1630 628 1663 et
652 1617 808 1662 vacuis
835 1617 1032 1663 Clanius
1058 1634 1153 1662 non
1181 1633 1352 1679 aequus
1375 1616 1575 1663 Acerris.

412 1700 539 1729 nunc
567 1700 660 1746 quo
686 1700 917 1745 quamque
945 1684 1084 1729 modo
1110 1683 1251 1744 possis
1279 1700 1559 1744 cognoscere
1585 1683 1756 1731 dicam.

343 1768 442 1796 rara
467 1750 526 1796 sit
551 1767 607 1795 an
636 1767 770 1812 supra
797 1767 974 1795 morem
1002 1750 1035 1795 si
1063 1750 1204 1795 densa
1229 1750 1505 1812 requires—

343 1818 484 1863 altera
511 1816 758 1863 frumentis
783 1817 1006 1879 quoniam
1035 1817 1175 1872 favet,
1201 1816 1344 1862 altera
1371 1817 1577 1873 Baccho,

343 1884 485 1929 densa
510 1883 652 1943 magis
681 1883 862 1939 Cereri,
888 1883 1119 1928 rarissima
1145 1900 1355 1946 quaeque
1382 1883 1607 1943 Lyaeo—

343 1964 452 1996 ante
479 1950 638 1996 locum
666 1949 818 2011 capies
845 1950 991 1995 oculis
1021 1950 1206 2012 alteque
1232 1949 1412 1995 iubebis
1716 1974 1778 2004 230

343 2017 392 2062 in
420 2017 568 2062 solido
593 2030 790 2079 puteum
815 2016 1016 2074 demitti,
1046 2033 1332 2078 omnemque
1358 2033 1551 2078 repones

343 2101 497 2130 rursus
525 2085 724 2130 humum
751 2097 797 2130 et
822 2083 1018 2145 pedibus
1047 2100 1247 2129 summas
1274 2083 1490 2145 aequabis
1517 2084 1723 2130 harenas.

343 2151 378 2196 si
406 2151 595 2207 derunt,
621 2168 792 2207 rarum,
817 2150 1071 2213 pecorique
1100 2163 1146 2196 et
1172 2149 1346 2195 vitibus
1371 2149 1503 2195 almis

345 2217 493 2279 aptius
520 2217 635 2263 uber
661 2218 779 2273 erit3
817 2217 885 2262 sin
914 2217 962 2262 in
991 2235 1070 2262 sua
1097 2234 1226 2278 posse
1255 2217 1493 2276 negabunt

343 2283 411 2329 ire
438 2285 543 2329 loca
568 2298 612 2330 et
639 2284 878 2330 scrobibus
906 2284 1142 2345 superabit
1169 2297 1288 2330 terra
1313 2282 1513 2344 repletis,

344 2350 509 2412 spissus
535 2367 670 2410 ager3
706 2351 888 2410 glaebas
916 2364 1192 2396 cunctantes
1220 2365 1456 2411 crassaque
1484 2362 1610 2409 terga

344 2430 564 2478 exspecta
590 2430 636 2462 et
660 2417 824 2462 validis
853 2430 1022 2463 terram
1050 2416 1298 2477 proscinde
1324 2415 1549 2462 iuvencis,

344 2484 459 2529 salsa
484 2496 641 2529 autem
669 2483 806 2528 tellus
835 2496 879 2528 et
906 2499 1024 2545 quae
1052 2483 1324 2543 perhibetur
1350 2498 1515 2538 amara,

344 2550 555 2610 frugibus
580 2549 874 2595 infelix—ea
902 2566 988 2595 nec
1017 2548 1299 2594 mansuescit
1325 2549 1510 2604 arando,

345 2633 433 2662 nec
460 2617 650 2662 Baccho
675 2633 820 2677 genus
848 2628 926 2662 aut
951 2616 1102 2677 pomis
1130 2633 1208 2661 sua
1233 2615 1426 2660 nomina
1450 2626 1667 2661 servat—
1711 2638 1774 2667 240

344 2683 435 2729 tale
461 2683 590 2729 dabit
616 2683 886 2745 specimen:
926 2695 976 2728 tu
1005 2682 1145 2744 spisso
1170 2681 1347 2727 vimine
1373 2682 1535 2744 qualos

541 2771 614 2797 221
648 2760 796 2799 intexit.
908 2771 983 2797 222
1014 2761 1127 2798 oleae.
1238 2771 1313 2807 227
1344 2759 1517 2808 requiras.
