1866 3208
577 186 850 224 AENEIDOS
880 186 983 223 LIB.
1018 186 1102 222 ΧΠ
1513 199 1588 237 359

163 313 386 352 somnus3
422 295 471 340 in
498 304 732 339 aeternam
761 291 1032 337 conduntur
1057 291 1240 337 lumina
1265 304 1474 339 noctem.
1531 318 1593 347 310

230 376 275 408 at
297 362 403 426 pius
428 363 610 406 Aeneas
637 358 850 405 dextram
877 358 1100 405 tendebat
1125 358 1357 404 inermem

165 429 341 475 nudato
367 426 536 489 capite,
565 438 704 488 atque
731 442 835 472 suos
863 426 1069 472 clamore
1094 425 1323 471 vocabat:

130 501 143 520 ‘
164 513 257 558 quo
282 493 447 540 ruitis?
484 509 664 554 quaeve
690 492 777 538 ista
802 496 969 554 repens
996 491 1231 538 discordia
1256 492 1432 552 surgit?

163 580 190 607 o
217 560 432 607 cohibete
459 559 571 607 iras!
612 559 765 606 ictum
792 559 885 606 iam
911 559 1091 615 foedus,
1121 572 1167 605 et
1193 576 1357 605 omnes

163 626 449 689 compositae
477 627 631 688 leges3
667 626 787 672 mihi
813 625 884 672 ius
911 643 1194 675 concurrere
1221 626 1338 683 soli;

161 711 237 740 me
264 693 416 749 sinite,
445 707 585 757 atque
613 693 796 740 auferte
822 707 1004 740 metus:
1043 710 1126 753 ego
1154 693 1343 739 foedera
1367 694 1474 740 faxo

161 761 292 806 firma
317 778 491 817 manu,
530 761 755 807 Turnum
782 761 959 807 debent
984 762 1097 806 haec
1125 760 1216 806 iam
1241 760 1359 806 mihi
1387 759 1540 808 sacra.'

159 830 237 873 has
263 827 386 874 inter
413 845 568 884 voces,
594 827 750 874 media
775 827 900 874 inter
925 827 1036 874 talia
1060 828 1218 884 verba,

159 911 286 950 ecce,
309 894 408 940 viro
435 895 633 940 stridens
661 894 743 939 alis
771 895 958 958 adlapsa
983 895 1147 955 sagitta
1173 906 1257 952 est,

158 961 412 1019 incertum,
441 979 531 1025 qua
559 961 693 1024 pulsa
720 978 878 1019 manu,
907 979 1000 1024 quo
1028 962 1220 1008 turbine
1247 962 1422 1018 adacta,
1534 987 1596 1018 320

158 1028 260 1091 quis
287 1042 467 1074 tantam
496 1028 689 1075 Rutulis
717 1029 922 1085 laudem,
952 1046 1143 1075 casusne
1170 1029 1364 1086 deusne,

158 1095 400 1149 attulerit3
438 1112 592 1157 pressa
620 1108 688 1141 est
716 1095 911 1156 insignis
937 1096 1084 1157 gloria
1111 1096 1240 1153 facti,

157 1179 244 1209 nec
272 1178 367 1208 sese
393 1163 584 1209 Aeneae
612 1162 803 1209 iactavit
829 1163 1026 1209 vulnere
1053 1163 1320 1227 quisquam.

156 1229 368 1286 Turnus,
396 1243 447 1276 ut
472 1230 671 1276 Aenean
700 1231 952 1277 cedentem
981 1248 1039 1276 ex
1065 1230 1251 1291 agmine
1278 1229 1399 1277 vidit

155 1296 458 1359 turbatosque
486 1297 649 1354 duces,
677 1297 831 1343 subita
856 1315 934 1360 spe
961 1297 1169 1344 fervidus
1196 1298 1356 1354 ardet;

151 1364 304 1426 poscit
330 1380 473 1428 equos
501 1378 641 1429 atque
671 1382 796 1410 arma
822 1365 962 1411 simul
990 1365 1204 1428 saltuque
1231 1363 1455 1426 superbus

153 1431 325 1477 emicat
351 1431 401 1477 in
429 1449 620 1479 currum
649 1446 695 1478 et
721 1432 939 1478 manibus
964 1431 1160 1478 molitur
1184 1432 1406 1478 habenas.

153 1499 302 1545 multa
326 1498 482 1545 virum
511 1499 714 1545 volitans
743 1499 822 1545 dat
847 1498 989 1544 fortia
1014 1516 1209 1562 corpora
1237 1499 1366 1555 let03

152 1565 409 1612 semineces
437 1565 589 1612 volvit
616 1566 793 1612 multos
821 1579 899 1612 aut
926 1566 1112 1626 agmina
1139 1582 1279 1612 curru

150 1633 352 1695 proterit
379 1646 458 1679 aut
483 1647 632 1696 raptas
660 1632 956 1694 fugientibus
983 1632 1154 1693 ingerit
1179 1634 1346 1679 hastas.
1534 1658 1595 1688 330

152 1700 301 1763 qualis
329 1700 453 1761 apud
479 1700 623 1760 gelidi
654 1717 764 1747 cum
793 1699 991 1746 flumina
1017 1699 1232 1747 concitus
1260 1699 1412 1745 Hebri

151 1766 431 1827 sanguineus
460 1767 653 1813 Mavors
683 1767 837 1830 clipeo
863 1766 1077 1830 increpat
1102 1780 1242 1830 atque
1270 1767 1481 1813 furentes

150 1835 274 1881 bella
301 1851 496 1881 movens
524 1834 732 1881 inmittit
761 1851 937 1897 equos3
972 1833 1045 1880 illi
1074 1851 1275 1898 aequore
1302 1847 1465 1897 aperto

151 1916 256 1948 ante
278 1901 434 1948 Notos
457 1902 835 1965 Zephyrumque
857 1902 1052 1959 volant,
1087 1901 1234 1962 gemit
1261 1902 1427 1948 ultima
1451 1902 1591 1964 pulsu

151 1970 341 2016 Thraca
365 1970 543 2032 pedum
563 1990 577 2026 ;
616 1970 897 2033 circumque
923 1983 1048 2016 atrae
1074 1968 1360 2015 Formidinis
1387 1986 1480 2026 ora,

150 2039 364 2101 Iraeque,
393 2036 714 2101 Insidiaeque,
743 2037 818 2084 dei
846 2035 1116 2093 comitatus,
1142 2049 1375 2097 aguntur:

114 2111 121 2120 ‘
151 2105 254 2151 talis
283 2122 426 2168 equos
455 2105 605 2151 alacer
632 2104 787 2151 media
815 2104 940 2151 inter
963 2104 1143 2167 proelia
1169 2104 1366 2150 Turnus

151 2174 386 2220 fumantes
414 2171 581 2218 sudore
609 2172 776 2235 quatit,
803 2172 1070 2219 miserabile
1096 2171 1240 2218 caesis

150 2240 362 2287 hostibus
389 2240 654 2295 insultans;
693 2239 862 2303 spargit
888 2240 1046 2302 rapida
1072 2239 1250 2301 ungula
1273 2255 1400 2284 rores

152 2307 429 2368 sanguineos
457 2306 704 2369 mixtaque
732 2323 868 2353 cruor
895 2307 1105 2354 calcatur
1129 2307 1320 2354 harena.
1530 2330 1592 2359 340

153 2374 339 2438 iamque
398 2373 505 2421 neci
569 2373 949 2437 Sthenelumque
1013 2373 1146 2421 dedit
1208 2373 1590 2435 Thamyrimque

287 2441 588 2504 Pholumque

153 2509 281 2553 hunc
305 2523 574 2567 congressus
597 2520 644 2555 et
662 2510 811 2565 hunc,
828 2508 967 2555 illum
988 2507 1205 2565 eminus;
1241 2508 1426 2556 eminus
1450 2506 1587 2553 ambo

154 2572 432 2620 Imbrasidas
470 2575 709 2622 Glaucum
730 2588 871 2638 atque
891 2575 1073 2633 Laden,
1094 2593 1210 2639 quos
1231 2575 1467 2622 Imbrasus
1489 2574 1586 2638 ipse

153 2638 383 2687 nutrierat
409 2640 555 2701 Lycia
580 2641 864 2705 paribusque
890 2656 1136 2689 ornaverat
1163 2642 1316 2699 armiS‚

474 2727 548 2765 310
578 2720 814 2759 clauduntur.
930 2731 1003 2770 332
1035 2720 1192 2758 intonat.
