1861 3256
699 272 1006 312 P.VERG1L1
1035 273 1297 311 MARONIS

318 397 464 437 arcus,
492 392 538 427 et
564 396 588 426 e
613 392 745 441 pastu
773 378 1006 424 decedens
1030 379 1213 439 agmine
1239 395 1406 439 magno

318 463 564 494 corvorum
590 444 829 506 increpuit
855 444 1010 490 densis
1036 445 1263 492 exercitus
1290 445 1390 492 alis.

317 513 409 560 iam
433 513 578 559 varias
603 511 753 573 pelagi
781 511 997 558 volucres
1023 525 1068 558 et
1093 528 1208 574 quae
1233 511 1343 558 Asia
1366 511 1543 559 circum

318 579 535 627 dulcibus
560 579 609 623 in
635 577 808 638 stagnis
835 578 1065 625 rimantur
1088 591 1218 640 prata
1245 577 1443 640 Ca'y'stri,

319 645 530 693 certatim
555 645 704 705 largos
731 644 903 691 umeris
930 645 1181 691 infundere
1207 661 1344 702 roreS‚

319 729 446 759 nunc
473 724 615 772 caput
641 710 874 757 obiectare
903 711 1046 770 fretis,
1075 729 1202 758 nunc
1229 728 1416 758 currere
1441 710 1491 757 in
1517 710 1663 757 undas

319 791 365 825 et
390 777 540 824 studio
565 777 798 823 incassum
826 777 980 824 videas
1006 778 1173 838 gestire
1200 778 1402 825 lavandi.

321 858 421 892 tum
447 843 617 890 cornix
641 845 784 906 plena
811 844 1022 906 pluviam
1046 859 1182 891 vocat
1207 845 1402 906 inproba
1427 860 1546 890 voce

318 924 364 959 et
388 910 483 957 sola
509 911 557 956 in
584 910 707 956 sicca
734 928 892 957 secum
921 911 1140 973 spatiatur
1163 912 1349 958 harena.

318 978 386 1025 nev
405 990 637 1024 nocturna
662 977 854 1040 quidem
884 991 1127 1040 carpentes
1152 995 1292 1040 pensa
1316 977 1501 1040 puellae
1686 999 1748 1032 390

318 1044 560 1092 nescivere
586 1043 808 1101 hiemem,
838 1056 955 1090 testa
981 1061 1092 1091 cum
1117 1045 1312 1090 ardente
1337 1044 1552 1090 viderent

318 1111 574 1158 scintillare
600 1110 761 1156 oleum
789 1123 835 1156 et
861 1123 1020 1172 putres
1047 1128 1348 1158 concrescere
1373 1112 1555 1171 fungos.

387 1194 475 1224 nec
502 1177 658 1222 minus
686 1193 744 1222 ex
771 1176 913 1222 imbri
939 1178 1056 1223 soles
1082 1190 1129 1224 et
1155 1190 1310 1240 aperta
1336 1194 1501 1223 serena

318 1261 584 1307 prosplcere
610 1257 656 1291 et
681 1256 821 1289 certis
849 1256 1020 1304 poteris
1047 1260 1329 1304 cognoscere
1355 1243 1496 1303 signis
1520 1262 1530 1289 ;

319 1328 429 1358 nam
454 1327 608 1372 neque
634 1323 736 1356 tum
764 1310 911 1355 stellis
938 1310 1057 1356 acies
1083 1311 1280 1356 obtunsa
1305 1310 1506 1367 videtur,

320 1395 407 1425 nec
435 1377 584 1423 fratris
610 1377 748 1422 radiis
776 1377 981 1422 obnoxia
1005 1393 1188 1437 surgere
1214 1377 1365 1434 Luna,

320 1444 479 1492 tenuia
505 1460 594 1489 nec
623 1444 757 1489 lanae
787 1460 869 1504 per
896 1444 1079 1489 caelum
1105 1443 1280 1489 vellera
1307 1442 1417 1489 ferri
1441 1463 1454 1498 ;

321 1528 417 1558 non
444 1511 659 1573 tepidum
685 1510 742 1555 ad
771 1510 916 1556 solem
942 1510 1109 1571 pinnas
1136 1509 1184 1555 in
1212 1510 1348 1556 litore
1373 1508 1586 1572 pandunt

321 1579 522 1625 dilectae
549 1577 750 1622 Thetidi
781 1577 1016 1638 alcyones,
1045 1594 1140 1622 non
1167 1593 1243 1622 ore
1269 1577 1445 1622 solutos

321 1644 539 1691 inmundi
566 1643 829 1689 meminere
856 1660 957 1689 sues
983 1643 1152 1689 iactare
1178 1643 1426 1705 maniplos.
1690 1667 1751 1696 400

322 1725 366 1758 at
391 1710 592 1757 nebulae
619 1710 762 1770 magis
792 1710 884 1755 ima
911 1722 1079 1771 petunt
1105 1726 1365 1772 campoque
1390 1709 1692 1765 recumbunt,

322 1778 428 1824 solis
455 1790 500 1823 et
525 1793 742 1823 occasum
770 1793 951 1822 servans
976 1776 1032 1822 de
1059 1776 1270 1823 culmine
1297 1792 1481 1822 summo

322 1844 609 1907 nequiquam
635 1860 757 1889 seros
787 1856 975 1889 exercet
1000 1857 1171 1889 noctua
1196 1856 1375 1890 cantus.

324 1923 516 1974 apparet
542 1910 723 1972 liquido
751 1909 964 1955 sublimis
990 1910 1038 1955 in
1066 1917 1167 1956 aere
1194 1909 1355 1968 Nisus,

324 1991 369 2025 et
393 1995 477 2040 pro
503 1994 735 2040 purpureo
762 1993 936 2038 poenas
961 1976 1038 2022 dat
1067 1977 1222 2038 Scylla
1247 1977 1453 2038 capillo:

323 2061 620 2120 quacumque
647 2043 727 2089 illa
755 2044 910 2089 levem
938 2043 1122 2103 fugiens
1148 2056 1275 2089 secat
1300 2044 1492 2089 aethera
1518 2041 1694 2105 pinnis,

324 2128 434 2158 ecce
460 2111 682 2157 inimicus
709 2124 840 2156 atrox
867 2126 1037 2170 magno
1063 2109 1255 2155 stridore
1281 2126 1363 2172 per
1387 2126 1516 2156 auras

323 2178 586 2240 insequitur
613 2177 794 2223 Nisus·
781 2196 795 2231 3
833 2194 924 2239 qua
949 2194 994 2222 se
1022 2177 1110 2222 fert
1136 2175 1282 2222 Nisus
1307 2176 1363 2222 ad
1387 2193 1534 2233 auras,

322 2245 406 2292 illa
429 2246 583 2291 levem
611 2244 796 2305 fugiens
825 2243 995 2305 raptim
1022 2256 1146 2289 secat
1174 2244 1362 2289 aethera
1385 2241 1559 2305 pinnis.

325 2325 427 2358 tum
453 2311 654 2373 liquidas
682 2310 807 2357 corvi
834 2327 993 2372 presso
1020 2322 1089 2355 ter
1113 2322 1303 2370 gutture
1321 2326 1459 2355 voces
1692 2331 1754 2361 410

326 2390 404 2425 aut
429 2391 595 2440 quater
620 2377 934 2437 ingeminant,
963 2388 1009 2422 et
1036 2393 1168 2437 saepe
1195 2375 1429 2421 cubilibus
1455 2373 1562 2420 altis

325 2444 484 2491 nescio
510 2461 600 2506 qua
626 2455 810 2505 praeter
835 2443 1028 2489 solitum
1053 2442 1307 2488 dulcedine
1333 2441 1444 2487 laeti

326 2512 449 2558 inter
473 2527 519 2555 se
546 2509 595 2554 in
623 2509 747 2554 foliis
773 2508 1022 2570 strepitant
1047 2528 1060 2564 ;
1085 2508 1212 2554 iuvat
1237 2507 1464 2553 imbribus
1489 2506 1603 2553 actis

326 2576 600 2640 progeniem
626 2592 813 2637 parvam
840 2575 1095 2636 dulcesque
1121 2574 1317 2621 revisere
1344 2573 1477 2620 nidos
1497 2593 1512 2628 3

326 2644 466 2700 haud,
494 2642 715 2705 equidem
742 2641 899 2698 credo,
926 2641 1034 2703 quia
1059 2641 1117 2687 sit
1142 2640 1368 2686 divinitus
1394 2640 1488 2686 illis

327 2710 573 2771 ingenium
600 2722 678 2755 aut
702 2725 857 2754 rerum
883 2708 980 2754 fato
1006 2707 1255 2769 prudentia
1280 2707 1428 2753 maior
1449 2728 1463 2763 ;

884 2784 957 2834 383
990 2784 1122 2822 variae.
