1861 3256
603 249 880 287 AENEIDos
910 249 1014 288 LIB.
1042 249 1062 286 1
1540 258 1589 300 95

154 358 336 406 circum
363 358 561 404 claustra
587 356 800 402 fremunt
825 376 838 411 3
877 356 999 402 celsa
1024 356 1152 402 sedet
1176 355 1355 401 Aeolus
1382 371 1486 402 arce

154 428 336 488 sceptra
362 439 542 479 tenens,
571 420 822 485 mollitque
850 423 1029 470 animos
1056 436 1102 469 et
1129 435 1359 484 temperat
1384 422 1472 468 iras
1500 441 1510 469 :

154 493 204 539 ni
230 492 384 548 faciat,
412 490 555 537 maria
581 507 631 536 ac
660 504 799 535 terras
827 491 1107 554 caelumque
1133 490 1426 552 profundum

154 559 330 624 quippe
356 559 510 605 ferant
535 556 684 619 rapidi
711 573 873 602 secum
900 571 1181 620 verrantque
1208 574 1291 619 per
1316 574 1444 603 auras
1473 575 1483 603 :

153 627 235 673 sed
262 628 398 673 Pater
423 624 723 686 omnipotens
750 624 987 685 speluncis
1015 624 1195 670 abdidit
1221 623 1328 670 atris
1556 638 1598 670 60

153 695 242 740 hoc
271 707 503 749 metuens,
532 693 804 754 molemque
832 705 878 737 et
904 706 1089 737 montes
1115 691 1306 753 insuper
1332 691 1447 738 altos

152 760 376 823 inposuit,
404 776 656 822 regemque
683 758 828 815 dedit,
857 757 937 820 qui
964 758 1152 804 foedere
1180 772 1311 805 certo

152 841 199 874 et
224 844 439 890 premere
466 841 512 874 et
538 827 661 873 laxas
689 825 828 872 sciret
853 825 961 871 dare
988 825 1134 871 iussus
1160 826 1380 872 habenas.

151 895 208 941 ad
234 911 377 958 quem
404 908 507 941 tum
533 894 656 939 Iuno
684 893 884 955 supplex
910 892 980 938 his
1008 892 1204 939 vocibus
1231 910 1310 939 usa
1336 904 1404 939 est
1427 910 1438 939 ε

220 962 418 1018 ‘Aeole,
444 977 648 1024 namque
681 960 766 1006 tibi
799 960 959 1006 divom
994 960 1129 1006 Pater
1167 974 1307 1023 atque
1345 958 1595 1007 hominum

284 1045 367 1074 rex

149 1109 196 1143 et
223 1096 434 1142 mulcere
460 1095 591 1141 dedit
617 1094 791 1141 fluctus
819 1108 865 1141 et
897 1094 1063 1141 tollere
1090 1108 1248 1150 vento,

148 1180 261 1223 gens
288 1162 483 1209 inimica
509 1162 627 1208 mihi
656 1163 968 1224 Tyrrhenum
995 1160 1182 1221 navigat
1209 1177 1398 1223 aequor,
1443 1166 1445 1168 ’

150 1231 297 1277 Ilium
323 1230 373 1276 in
399 1230 588 1277 Italiam
615 1244 803 1292 portans
830 1229 1073 1292 victosque
1103 1229 1303 1278 Penates
1331 1246 1341 1274 z

150 1298 314 1346 incute
342 1298 439 1344 vim
465 1297 618 1344 Ventis
647 1297 1001 1360 submersasque
1028 1296 1173 1342 obrue
1200 1312 1397 1358 puppes,

151 1380 230 1413 aut
256 1382 337 1426 age
365 1365 568 1411 diversos
596 1378 642 1411 et
668 1364 812 1410 disice
840 1381 1033 1426 corpora
1058 1378 1222 1425 ponto.
1555 1385 1597 1416 70

151 1447 259 1479 sunt
285 1432 403 1478 mihi
429 1432 499 1478 bis
526 1445 707 1494 septem
734 1431 990 1493 praestanti
1017 1447 1211 1493 corpore
1237 1430 1512 1492 Nymphae,

151 1517 348 1564 quarum
376 1516 494 1562 quae
521 1499 670 1544 forma
696 1498 1016 1560 pulcherrima
1041 1498 1272 1559 Deiopea,

151 1567 359 1614 conubio
385 1567 577 1626 iungam
605 1565 758 1612 stabili
785 1565 1119 1628 propriamque
1146 1564 1331 1620 dicabo,

150 1651 314 1681 omnes
342 1647 393 1680 ut
420 1647 580 1680 tecum
607 1633 784 1679 meritis
811 1650 895 1694 pro
922 1632 1090 1678 talibus
1118 1648 1263 1677 annos

150 1702 304 1762 exigat
331 1714 377 1747 et
402 1701 603 1762 pulchra
630 1699 770 1746 faciat
797 1713 842 1745 te
868 1699 998 1760 prole
1026 1695 1300 1761 parentem.'

217 1768 395 1815 Aeolus
420 1769 537 1813 haec
566 1780 729 1813 contra
758 1785 767 1812 :
808 1772 820 1792 ‘
841 1780 960 1822 tuus,
989 1783 1016 1812 o
1041 1765 1219 1827 regina,
1245 1764 1360 1828 quid
1384 1777 1533 1826 optes,

151 1836 393 1898 explorare
420 1834 550 1880 labor
577 1855 591 1891 ;
629 1833 745 1879 mihi
772 1833 891 1879 iussa
916 1850 1155 1895 capessere
1180 1833 1246 1879 fas
1273 1845 1356 1879 est.

150 1915 200 1949 tu
228 1902 344 1948 mihi
371 1902 708 1965 quodcumque
734 1902 824 1947 hoc
851 1901 998 1962 regni,
1027 1914 1078 1947 tu
1105 1914 1286 1963 sceptra
1310 1900 1570 1962 Iovemque

150 1969 392 2026 concilias,
418 1981 469 2015 tu
494 1969 573 2015 das
601 1969 751 2030 epulis
779 1968 1060 2014 accumbere
1087 1968 1260 2023 divom,

148 2036 520 2100 nimborumque
546 2036 659 2082 facis
687 2049 1116 2099 tempestatumque
1142 2032 1419 2097 potentem.'
1552 2048 1594 2079 80

216 2105 332 2150 haec
362 2103 441 2150 ubi
468 2103 607 2159 dicta,
637 2120 806 2149 cavum
835 2120 1058 2149 conversa
1084 2102 1277 2164 cuspide
1304 2115 1518 2148 montem

150 2170 327 2233 inpulit
353 2170 402 2216 in
428 2171 548 2217 latus
578 2189 587 2217 :
625 2187 676 2216 ac
706 2170 836 2216 venti
863 2170 996 2216 velut
1022 2169 1208 2230 agmine
1234 2169 1373 2224 fact0,

151 2256 242 2301 qua
267 2238 372 2284 data
396 2252 543 2300 porta,
571 2252 717 2284 ruunt
744 2251 790 2284 et
818 2251 956 2283 terras
984 2236 1172 2283 turbine
1198 2235 1416 2298 perflant.

151 2304 412 2352 incubuere
438 2305 568 2360 mari,
597 2319 845 2368 totumque
873 2322 897 2350 a
923 2304 1106 2350 sedibus
1132 2303 1236 2350 imis

153 2388 246 2418 una
271 2373 517 2436 Eurusque
544 2372 797 2435 Notusque
826 2386 969 2417 ruunt
996 2371 1252 2434 creberque
1279 2369 1501 2432 procellis

152 2438 358 2496 Africus,
384 2454 430 2486 et
456 2453 606 2485 vastos
632 2441 832 2486 volvunt
858 2439 915 2485 ad
942 2439 1076 2485 litora
1102 2438 1288 2485 fluctus.

154 2503 414 2568 insequitur
439 2508 711 2571 clamorque
738 2507 891 2553 virum
918 2506 1178 2569 stridorque
1204 2506 1478 2552 rudentum.

155 2571 360 2633 eripiunt
385 2575 539 2621 subito
564 2575 712 2621 nubes
740 2575 1021 2638 caelumque
1047 2574 1270 2637 diemque

155 2638 455 2686 Teucrorum
481 2659 540 2687 ex
564 2642 713 2688 oculis
736 2663 749 2698 ;
786 2655 931 2704 ponto
957 2659 1051 2687 nox
1077 2641 1275 2687 incubat
1300 2653 1409 2686 atra.

154 2704 404 2752 intonuere
430 2708 526 2768 poli
553 2722 599 2755 et
624 2709 797 2755 crebris
822 2709 966 2755 micat
991 2708 1175 2768 ignibus
1204 2708 1376 2761 aether,
1548 2729 1591 2759 90

155 2786 545 2836 praesentemque
570 2775 676 2820 viris
702 2776 942 2822 intentant
968 2775 1126 2821 omnia
1151 2788 1368 2820 mortem.
