<?xml version="1.0" encoding="UTF-8"?>
<!DOCTYPE html PUBLIC "-//W3C//DTD XHTML 1.0 Transitional//EN"
    "http://www.w3.org/TR/xhtml1/DTD/xhtml1-transitional.dtd">
<html xmlns="http://www.w3.org/1999/xhtml" xml:lang="en" lang="en">
 <head>
  <title>
</title>
<meta http-equiv="Content-Type" content="text/html;charset=utf-8" />
  <meta name='ocr-system' content='tesseract 3.04.00' />
  <meta name='ocr-capabilities' content='ocr_page ocr_carea ocr_par ocr_line ocrx_word'/>
</head>
<body>
  <div class='ocr_page' id='page_1' title='image "./operabucolicageo00virguoft_0253.png"; bbox 0 0 1866 3208; ppageno 0'>
   <div class='ocr_carea' id='block_1_1' title="bbox 562 238 1563 290">
    <p class='ocr_par' dir='ltr' id='par_1_1' title="bbox 562 238 1563 290">
     <span class='ocr_line' id='line_1_1' title="bbox 562 238 1563 290; baseline 0.001 -14"><span class='ocrx_word' id='word_1_1' title='bbox 562 239 837 277; x_wconf 76' lang='lat' dir='ltr'>AENEmos</span> <span class='ocrx_word' id='word_1_2' title='bbox 868 238 1064 277; x_wconf 78' lang='lat' dir='ltr'>L113.v1</span> <span class='ocrx_word' id='word_1_3' title='bbox 1489 251 1563 290; x_wconf 86' lang='lat'>223</span> 
     </span>
    </p>
   </div>
   <div class='ocr_carea' id='block_1_2' title="bbox 129 345 1580 2824">
    <p class='ocr_par' dir='ltr' id='par_1_2' title="bbox 129 345 1167 411">
     <span class='ocr_line' id='line_1_2' title="bbox 129 345 1167 411; baseline -0.004 -16"><span class='ocrx_word' id='word_1_4' title='bbox 129 365 245 411; x_wconf 91' lang='lat' dir='ltr'>quos</span> <span class='ocrx_word' id='word_1_5' title='bbox 273 347 583 394; x_wconf 88' lang='lat' dir='ltr'>circumfusos</span> <span class='ocrx_word' id='word_1_6' title='bbox 608 345 673 391; x_wconf 90' lang='lat' dir='ltr'>sic</span> <span class='ocrx_word' id='word_1_7' title='bbox 702 359 769 392; x_wconf 88' lang='lat' dir='ltr'>est</span> <span class='ocrx_word' id='word_1_8' title='bbox 795 346 946 393; x_wconf 88' lang='lat' dir='ltr'>adfata</span> <span class='ocrx_word' id='word_1_9' title='bbox 974 346 1167 408; x_wconf 90' lang='lat' dir='ltr'>Sibylla,</span> 
     </span>
    </p>

    <p class='ocr_par' dir='ltr' id='par_1_3' title="bbox 132 410 1522 486">
     <span class='ocr_line' id='line_1_3' title="bbox 132 410 1522 486; baseline -0.004 -24"><span class='ocrx_word' id='word_1_10' title='bbox 132 416 387 462; x_wconf 86' lang='lat' dir='ltr'><strong>Musaeum</strong></span> <span class='ocrx_word' id='word_1_11' title='bbox 414 427 523 460; x_wconf 91' lang='lat' dir='ltr'>ante</span> <span class='ocrx_word' id='word_1_12' title='bbox 548 413 995 460; x_wconf 88' lang='lat' dir='ltr'>omnes—medium</span> <span class='ocrx_word' id='word_1_13' title='bbox 1021 430 1130 459; x_wconf 92' lang='lat' dir='ltr'>nam</span> <span class='ocrx_word' id='word_1_14' title='bbox 1156 410 1361 486; x_wconf 80' lang='lat' dir='ltr'>plurima</span> <span class='ocrx_word' id='word_1_15' title='bbox 1386 410 1522 457; x_wconf 88' lang='lat' dir='ltr'>turba</span> 
     </span>
    </p>

    <p class='ocr_par' dir='ltr' id='par_1_4' title="bbox 130 477 1522 543">
     <span class='ocr_line' id='line_1_4' title="bbox 130 477 1522 543; baseline -0.004 -15"><span class='ocrx_word' id='word_1_16' title='bbox 130 483 259 528; x_wconf 93' lang='lat' dir='ltr'>hunc</span> <span class='ocrx_word' id='word_1_17' title='bbox 286 482 444 539; x_wconf 90' lang='lat' dir='ltr'>habet,</span> <span class='ocrx_word' id='word_1_18' title='bbox 471 494 612 543; x_wconf 89' lang='lat' dir='ltr'>atque</span> <span class='ocrx_word' id='word_1_19' title='bbox 640 479 813 526; x_wconf 88' lang='lat' dir='ltr'>umeris</span> <span class='ocrx_word' id='word_1_20' title='bbox 840 494 1103 527; x_wconf 84' lang='lat' dir='ltr'>exstantem</span> <span class='ocrx_word' id='word_1_21' title='bbox 1128 477 1324 541; x_wconf 81' lang='lat' dir='ltr'>suspicit</span> <span class='ocrx_word' id='word_1_22' title='bbox 1350 477 1522 524; x_wconf 90' lang='lat' dir='ltr'>altis—</span> 
     </span>
    </p>

    <p class='ocr_par' dir='ltr' id='par_1_5' title="bbox 131 547 1285 610">
     <span class='ocr_line' id='line_1_5' title="bbox 131 547 1285 610; baseline -0.003 -15"><span class='ocrx_word' id='word_1_23' title='bbox 131 548 289 606; x_wconf 85' lang='lat' dir='ltr'>dicite,</span> <span class='ocrx_word' id='word_1_24' title='bbox 317 548 479 595; x_wconf 87' lang='lat' dir='ltr'>felices</span> <span class='ocrx_word' id='word_1_25' title='bbox 506 547 709 603; x_wconf 89' lang='lat' dir='ltr'>animae,</span> <span class='ocrx_word' id='word_1_26' title='bbox 736 560 899 609; x_wconf 88' lang='lat' dir='ltr'>tuque,</span> <span class='ocrx_word' id='word_1_27' title='bbox 927 547 1104 610; x_wconf 91' lang='lat' dir='ltr'>optime</span> <span class='ocrx_word' id='word_1_28' title='bbox 1130 559 1285 592; x_wconf 86' lang='lat' dir='ltr'>vates:</span> 
     </span>
    </p>

    <p class='ocr_par' dir='ltr' id='par_1_6' title="bbox 132 612 1572 679">
     <span class='ocr_line' id='line_1_6' title="bbox 132 612 1572 679; baseline -0.003 -16"><span class='ocrx_word' id='word_1_29' title='bbox 132 633 250 679; x_wconf 88' lang='lat' dir='ltr'>quae</span> <span class='ocrx_word' id='word_1_30' title='bbox 270 615 398 676; x_wconf 88' lang='lat' dir='ltr'>regio</span> <span class='ocrx_word' id='word_1_31' title='bbox 416 613 679 671; x_wconf 86' lang='lat' dir='ltr'><strong>Anchisen,</strong></span> <span class='ocrx_word' id='word_1_32' title='bbox 702 613 805 676; x_wconf 86' lang='lat' dir='ltr'>quis</span> <span class='ocrx_word' id='word_1_33' title='bbox 825 614 967 660; x_wconf 85' lang='lat' dir='ltr'>habet</span> <span class='ocrx_word' id='word_1_34' title='bbox 993 615 1157 660; x_wconf 86' lang='lat' dir='ltr'>locus?</span> <span class='ocrx_word' id='word_1_35' title='bbox 1227 612 1355 659; x_wconf 87' lang='lat' dir='ltr'>illius</span> <span class='ocrx_word' id='word_1_36' title='bbox 1376 627 1484 672; x_wconf 89' lang='lat' dir='ltr'>ergo</span> <span class='ocrx_word' id='word_1_37' title='bbox 1509 627 1572 666; x_wconf 89' lang='lat'>670</span> 
     </span>
    </p>

    <p class='ocr_par' dir='ltr' id='par_1_7' title="bbox 130 677 1355 742">
     <span class='ocr_line' id='line_1_7' title="bbox 130 677 1355 742; baseline -0.003 -13"><span class='ocrx_word' id='word_1_38' title='bbox 130 682 362 740; x_wconf 89' lang='lat' dir='ltr'>venimus,</span> <span class='ocrx_word' id='word_1_39' title='bbox 391 695 438 728; x_wconf 90' lang='lat' dir='ltr'>et</span> <span class='ocrx_word' id='word_1_40' title='bbox 462 698 652 742; x_wconf 89' lang='lat' dir='ltr'>magnos</span> <span class='ocrx_word' id='word_1_41' title='bbox 680 681 822 727; x_wconf 84' lang='lat' dir='ltr'>Erebi</span> <span class='ocrx_word' id='word_1_42' title='bbox 851 681 1137 727; x_wconf 84' lang='lat' dir='ltr'>tranavimus</span> <span class='ocrx_word' id='word_1_43' title='bbox 1163 677 1355 726; x_wconf 60' lang='lat' dir='ltr'>amnes)</span> 
     </span>
    </p>

    <p class='ocr_par' dir='ltr' id='par_1_8' title="bbox 132 720 1413 812">
     <span class='ocr_line' id='line_1_8' title="bbox 132 720 1413 812; baseline -0.003 -16"><span class='ocrx_word' id='word_1_44' title='bbox 132 763 271 812; x_wconf 90' lang='lat' dir='ltr'>atque</span> <span class='ocrx_word' id='word_1_45' title='bbox 297 720 410 796; x_wconf 76' lang='lat' dir='ltr'>hiiic</span> <span class='ocrx_word' id='word_1_46' title='bbox 436 765 714 811; x_wconf 89' lang='lat' dir='ltr'>responsum</span> <span class='ocrx_word' id='word_1_47' title='bbox 741 748 905 810; x_wconf 85' lang='lat' dir='ltr'>paucis</span> <span class='ocrx_word' id='word_1_48' title='bbox 932 748 996 793; x_wconf 89' lang='lat' dir='ltr'>ita</span> <span class='ocrx_word' id='word_1_49' title='bbox 1020 747 1225 793; x_wconf 87' lang='lat' dir='ltr'>reddidit</span> <span class='ocrx_word' id='word_1_50' title='bbox 1250 748 1413 793; x_wconf 87' lang='lat' dir='ltr'>heros:</span> 
     </span>
    </p>

    <p class='ocr_par' dir='ltr' id='par_1_9' title="bbox 132 814 1297 876">
     <span class='ocr_line' id='line_1_9' title="bbox 132 814 1297 876; baseline -0.003 -13"><span class='ocrx_word' id='word_1_51' title='bbox 132 817 255 863; x_wconf 91' lang='lat' dir='ltr'>nulli</span> <span class='ocrx_word' id='word_1_52' title='bbox 283 830 412 863; x_wconf 90' lang='lat' dir='ltr'>certa</span> <span class='ocrx_word' id='word_1_53' title='bbox 439 816 606 862; x_wconf 89' lang='lat' dir='ltr'>domus</span> <span class='ocrx_word' id='word_1_54' title='bbox 630 836 643 873; x_wconf 91' lang='lat'>;</span> <span class='ocrx_word' id='word_1_55' title='bbox 681 815 800 861; x_wconf 93' lang='lat' dir='ltr'>lucis</span> <span class='ocrx_word' id='word_1_56' title='bbox 828 815 1096 861; x_wconf 83' lang='lat' dir='ltr'>habitamus</span> <span class='ocrx_word' id='word_1_57' title='bbox 1122 814 1297 876; x_wconf 86' lang='lat' dir='ltr'>opacis,</span> 
     </span>
    </p>

    <p class='ocr_par' dir='ltr' id='par_1_10' title="bbox 130 881 1191 946">
     <span class='ocr_line' id='line_1_10' title="bbox 130 881 1191 946; baseline -0.003 -16"><span class='ocrx_word' id='word_1_58' title='bbox 130 883 436 946; x_wconf 85' lang='lat' dir='ltr'>riparumque</span> <span class='ocrx_word' id='word_1_59' title='bbox 461 896 584 930; x_wconf 93' lang='lat' dir='ltr'>toros</span> <span class='ocrx_word' id='word_1_60' title='bbox 612 896 659 928; x_wconf 93' lang='lat' dir='ltr'>et</span> <span class='ocrx_word' id='word_1_61' title='bbox 684 895 817 945; x_wconf 90' lang='lat' dir='ltr'>prata</span> <span class='ocrx_word' id='word_1_62' title='bbox 845 881 1058 929; x_wconf 84' lang='lat' dir='ltr'>recentia</span> <span class='ocrx_word' id='word_1_63' title='bbox 1081 881 1191 927; x_wconf 88' lang='lat' dir='ltr'>rivis</span> 
     </span>
    </p>

    <p class='ocr_par' dir='ltr' id='par_1_11' title="bbox 132 949 1386 1007">
     <span class='ocr_line' id='line_1_11' title="bbox 132 949 1386 1007; baseline -0.002 -11"><span class='ocrx_word' id='word_1_64' title='bbox 132 951 405 998; x_wconf 86' lang='lat' dir='ltr'>incolimus.</span> <span class='ocrx_word' id='word_1_65' title='bbox 476 950 559 996; x_wconf 90' lang='lat' dir='ltr'>sed</span> <span class='ocrx_word' id='word_1_66' title='bbox 583 967 680 1007; x_wconf 89' lang='lat' dir='ltr'>vos,</span> <span class='ocrx_word' id='word_1_67' title='bbox 708 949 743 995; x_wconf 91' lang='lat' dir='ltr'>si</span> <span class='ocrx_word' id='word_1_68' title='bbox 772 949 866 995; x_wconf 88' lang='lat' dir='ltr'>fert</span> <span class='ocrx_word' id='word_1_69' title='bbox 892 949 957 995; x_wconf 91' lang='lat' dir='ltr'>ita</span> <span class='ocrx_word' id='word_1_70' title='bbox 983 949 1123 996; x_wconf 90' lang='lat' dir='ltr'>corde</span> <span class='ocrx_word' id='word_1_71' title='bbox 1149 949 1386 1005; x_wconf 88' lang='lat' dir='ltr'>voluntas,</span> 
     </span>
    </p>

    <p class='ocr_par' dir='ltr' id='par_1_12' title="bbox 131 1012 1486 1080">
     <span class='ocr_line' id='line_1_12' title="bbox 131 1012 1486 1080; baseline -0.001 -17"><span class='ocrx_word' id='word_1_72' title='bbox 131 1019 222 1064; x_wconf 93' lang='lat' dir='ltr'>hoc</span> <span class='ocrx_word' id='word_1_73' title='bbox 250 1030 467 1080; x_wconf 89' lang='lat' dir='ltr'>superate</span> <span class='ocrx_word' id='word_1_74' title='bbox 492 1017 688 1078; x_wconf 91' lang='lat' dir='ltr'>iugum;</span> <span class='ocrx_word' id='word_1_75' title='bbox 726 1030 772 1062; x_wconf 93' lang='lat' dir='ltr'>et</span> <span class='ocrx_word' id='word_1_76' title='bbox 799 1016 931 1063; x_wconf 89' lang='lat' dir='ltr'>facili</span> <span class='ocrx_word' id='word_1_77' title='bbox 958 1016 1052 1062; x_wconf 87' lang='lat' dir='ltr'>iam</span> <span class='ocrx_word' id='word_1_78' title='bbox 1079 1015 1268 1063; x_wconf 86' lang='lat' dir='ltr'>tramite</span> <span class='ocrx_word' id='word_1_79' title='bbox 1294 1012 1486 1061; x_wconf 89' lang='lat' dir='ltr'>sistam.&#39;</span> 
     </span>
    </p>

    <p class='ocr_par' dir='ltr' id='par_1_13' title="bbox 132 1082 1423 1146">
     <span class='ocr_line' id='line_1_13' title="bbox 132 1082 1423 1146; baseline -0.003 -16"><span class='ocrx_word' id='word_1_80' title='bbox 132 1084 269 1142; x_wconf 81' lang='lat' dir='ltr'>dixit,</span> <span class='ocrx_word' id='word_1_81' title='bbox 297 1097 344 1131; x_wconf 90' lang='lat' dir='ltr'>et</span> <span class='ocrx_word' id='word_1_82' title='bbox 371 1097 482 1130; x_wconf 91' lang='lat' dir='ltr'>ante</span> <span class='ocrx_word' id='word_1_83' title='bbox 509 1084 621 1130; x_wconf 91' lang='lat' dir='ltr'>tulit</span> <span class='ocrx_word' id='word_1_84' title='bbox 646 1101 872 1145; x_wconf 88' lang='lat' dir='ltr'>gressum,</span> <span class='ocrx_word' id='word_1_85' title='bbox 900 1100 1187 1146; x_wconf 88' lang='lat' dir='ltr'>camposque</span> <span class='ocrx_word' id='word_1_86' title='bbox 1214 1082 1423 1128; x_wconf 86' lang='lat' dir='ltr'>nitentes</span> 
     </span>
    </p>

    <p class='ocr_par' dir='ltr' id='par_1_14' title="bbox 133 1148 1570 1282">
     <span class='ocr_line' id='line_1_14' title="bbox 133 1148 1570 1214; baseline -0.003 -16"><span class='ocrx_word' id='word_1_87' title='bbox 133 1151 336 1214; x_wconf 87' lang='lat' dir='ltr'>desuper</span> <span class='ocrx_word' id='word_1_88' title='bbox 360 1165 601 1208; x_wconf 81' lang='lat' dir='ltr'>ostentat3</span> <span class='ocrx_word' id='word_1_89' title='bbox 639 1151 815 1197; x_wconf 90' lang='lat' dir='ltr'>dehinc</span> <span class='ocrx_word' id='word_1_90' title='bbox 839 1167 1022 1197; x_wconf 90' lang='lat' dir='ltr'>summa</span> <span class='ocrx_word' id='word_1_91' title='bbox 1048 1149 1300 1197; x_wconf 90' lang='lat' dir='ltr'>cacumina</span> <span class='ocrx_word' id='word_1_92' title='bbox 1326 1148 1570 1211; x_wconf 84' lang='lat' dir='ltr'>linquunt.</span> 
     </span>
     <span class='ocr_line' id='line_1_15' title="bbox 200 1215 1330 1282; baseline -0.004 -17"><span class='ocrx_word' id='word_1_93' title='bbox 200 1231 247 1265; x_wconf 90' lang='lat' dir='ltr'>at</span> <span class='ocrx_word' id='word_1_94' title='bbox 271 1231 407 1281; x_wconf 89' lang='lat' dir='ltr'>pater</span> <span class='ocrx_word' id='word_1_95' title='bbox 430 1218 666 1265; x_wconf 88' lang='lat' dir='ltr'>Anchises</span> <span class='ocrx_word' id='word_1_96' title='bbox 693 1218 886 1282; x_wconf 88' lang='lat' dir='ltr'>penitus</span> <span class='ocrx_word' id='word_1_97' title='bbox 913 1217 1131 1264; x_wconf 85' lang='lat' dir='ltr'>convalle</span> <span class='ocrx_word' id='word_1_98' title='bbox 1157 1215 1330 1262; x_wconf 89' lang='lat' dir='ltr'>virenti</span> 
     </span>
    </p>

    <p class='ocr_par' dir='ltr' id='par_1_15' title="bbox 131 1283 1575 1349">
     <span class='ocr_line' id='line_1_16' title="bbox 131 1283 1575 1349; baseline -0.003 -17"><span class='ocrx_word' id='word_1_99' title='bbox 131 1285 337 1332; x_wconf 83' lang='lat' dir='ltr'>inclusas</span> <span class='ocrx_word' id='word_1_100' title='bbox 365 1285 544 1332; x_wconf 90' lang='lat' dir='ltr'>animas</span> <span class='ocrx_word' id='word_1_101' title='bbox 571 1303 893 1349; x_wconf 86' lang='lat' dir='ltr'>superumque</span> <span class='ocrx_word' id='word_1_102' title='bbox 919 1284 978 1331; x_wconf 89' lang='lat' dir='ltr'>ad</span> <span class='ocrx_word' id='word_1_103' title='bbox 1004 1285 1171 1331; x_wconf 90' lang='lat' dir='ltr'>lumen</span> <span class='ocrx_word' id='word_1_104' title='bbox 1195 1283 1340 1330; x_wconf 88' lang='lat' dir='ltr'>ituras</span> <span class='ocrx_word' id='word_1_105' title='bbox 1513 1297 1575 1328; x_wconf 80' lang='lat'>680</span> 
     </span>
    </p>

    <p class='ocr_par' dir='ltr' id='par_1_16' title="bbox 133 1353 1340 1415">
     <span class='ocr_line' id='line_1_17' title="bbox 133 1353 1340 1415; baseline -0.002 -17"><span class='ocrx_word' id='word_1_106' title='bbox 133 1353 363 1399; x_wconf 87' lang='lat' dir='ltr'>lustrabat</span> <span class='ocrx_word' id='word_1_107' title='bbox 388 1353 546 1399; x_wconf 89' lang='lat' dir='ltr'>studio</span> <span class='ocrx_word' id='word_1_108' title='bbox 572 1353 804 1411; x_wconf 80' lang='lat' dir='ltr'>recolens,</span> <span class='ocrx_word' id='word_1_109' title='bbox 831 1368 1122 1415; x_wconf 90' lang='lat' dir='ltr'>omnemque</span> <span class='ocrx_word' id='word_1_110' title='bbox 1149 1367 1340 1397; x_wconf 89' lang='lat' dir='ltr'>suorum</span> 
     </span>
    </p>

    <p class='ocr_par' dir='ltr' id='par_1_17' title="bbox 135 1420 1330 1482">
     <span class='ocr_line' id='line_1_18' title="bbox 135 1420 1330 1482; baseline -0.002 -17"><span class='ocrx_word' id='word_1_111' title='bbox 135 1420 255 1465; x_wconf 85' lang='lat' dir='ltr'>forte</span> <span class='ocrx_word' id='word_1_112' title='bbox 280 1421 558 1467; x_wconf 86' lang='lat' dir='ltr'>recensebat</span> <span class='ocrx_word' id='word_1_113' title='bbox 585 1437 838 1467; x_wconf 86' lang='lat' dir='ltr'>numerum</span> <span class='ocrx_word' id='word_1_114' title='bbox 865 1436 1091 1482; x_wconf 90' lang='lat' dir='ltr'>carosque</span> <span class='ocrx_word' id='word_1_115' title='bbox 1116 1431 1330 1480; x_wconf 91' lang='lat' dir='ltr'>nepotes,</span> 
     </span>
    </p>

    <p class='ocr_par' dir='ltr' id='par_1_18' title="bbox 135 1487 1420 1550">
     <span class='ocr_line' id='line_1_19' title="bbox 135 1487 1420 1550; baseline -0.002 -17"><span class='ocrx_word' id='word_1_116' title='bbox 135 1487 328 1550; x_wconf 87' lang='lat' dir='ltr'>fataque</span> <span class='ocrx_word' id='word_1_117' title='bbox 353 1487 661 1550; x_wconf 88' lang='lat' dir='ltr'>fortunasque</span> <span class='ocrx_word' id='word_1_118' title='bbox 688 1487 841 1533; x_wconf 83' lang='lat' dir='ltr'>virum</span> <span class='ocrx_word' id='word_1_119' title='bbox 868 1502 1116 1549; x_wconf 88' lang='lat' dir='ltr'>moresque</span> <span class='ocrx_word' id='word_1_120' title='bbox 1141 1501 1420 1547; x_wconf 91' lang='lat' dir='ltr'>manusque.</span> 
     </span>
    </p>

    <p class='ocr_par' dir='ltr' id='par_1_19' title="bbox 135 1551 1454 1617">
     <span class='ocr_line' id='line_1_20' title="bbox 135 1551 1454 1617; baseline -0.003 -17"><span class='ocrx_word' id='word_1_121' title='bbox 135 1554 269 1617; x_wconf 83' lang='lat' dir='ltr'>isque</span> <span class='ocrx_word' id='word_1_122' title='bbox 295 1553 375 1600; x_wconf 92' lang='lat' dir='ltr'>ubi</span> <span class='ocrx_word' id='word_1_123' title='bbox 404 1554 687 1600; x_wconf 89' lang='lat' dir='ltr'>tendentem</span> <span class='ocrx_word' id='word_1_124' title='bbox 715 1554 963 1600; x_wconf 84' lang='lat' dir='ltr'>adversum</span> <span class='ocrx_word' id='word_1_125' title='bbox 987 1570 1072 1616; x_wconf 88' lang='lat' dir='ltr'>per</span> <span class='ocrx_word' id='word_1_126' title='bbox 1096 1551 1307 1613; x_wconf 89' lang='lat' dir='ltr'>gramina</span> <span class='ocrx_word' id='word_1_127' title='bbox 1331 1551 1454 1597; x_wconf 90' lang='lat' dir='ltr'>vidit</span> 
     </span>
    </p>

    <p class='ocr_par' dir='ltr' id='par_1_20' title="bbox 133 1619 1246 1684">
     <span class='ocr_line' id='line_1_21' title="bbox 133 1619 1246 1684; baseline -0.003 -17"><span class='ocrx_word' id='word_1_128' title='bbox 133 1622 349 1679; x_wconf 87' lang='lat' dir='ltr'>Aenean,</span> <span class='ocrx_word' id='word_1_129' title='bbox 377 1621 541 1668; x_wconf 87' lang='lat' dir='ltr'>alacris</span> <span class='ocrx_word' id='word_1_130' title='bbox 568 1622 748 1684; x_wconf 84' lang='lat' dir='ltr'>palmas</span> <span class='ocrx_word' id='word_1_131' title='bbox 775 1634 996 1684; x_wconf 90' lang='lat' dir='ltr'>utrasque</span> <span class='ocrx_word' id='word_1_132' title='bbox 1024 1619 1246 1676; x_wconf 88' lang='lat' dir='ltr'>tetendit,</span> 
     </span>
    </p>

    <p class='ocr_par' dir='ltr' id='par_1_21' title="bbox 137 1685 1366 1751">
     <span class='ocr_line' id='line_1_22' title="bbox 137 1685 1366 1751; baseline -0.002 -17"><span class='ocrx_word' id='word_1_133' title='bbox 137 1688 407 1751; x_wconf 87' lang='lat' dir='ltr'>effusaeque</span> <span class='ocrx_word' id='word_1_134' title='bbox 432 1689 563 1749; x_wconf 92' lang='lat' dir='ltr'>genis</span> <span class='ocrx_word' id='word_1_135' title='bbox 592 1688 829 1745; x_wconf 88' lang='lat' dir='ltr'>lacrimae,</span> <span class='ocrx_word' id='word_1_136' title='bbox 859 1701 905 1735; x_wconf 91' lang='lat' dir='ltr'>et</span> <span class='ocrx_word' id='word_1_137' title='bbox 929 1704 1021 1733; x_wconf 79' lang='lat' dir='ltr'>vox</span> <span class='ocrx_word' id='word_1_138' title='bbox 1049 1685 1228 1733; x_wconf 85' lang='lat' dir='ltr'>excidit</span> <span class='ocrx_word' id='word_1_139' title='bbox 1253 1701 1332 1731; x_wconf 92' lang='lat' dir='ltr'>ore</span> <span class='ocrx_word' id='word_1_140' title='bbox 1357 1703 1366 1732; x_wconf 76' lang='grc' dir='ltr'>ε</span> 
     </span>
    </p>

    <p class='ocr_par' dir='ltr' id='par_1_22' title="bbox 135 1752 1259 1818">
     <span class='ocr_line' id='line_1_23' title="bbox 135 1752 1259 1818; baseline -0.003 -17"><span class='ocrx_word' id='word_1_141' title='bbox 135 1755 306 1802; x_wconf 89' lang='lat' dir='ltr'>venisti</span> <span class='ocrx_word' id='word_1_142' title='bbox 334 1756 543 1813; x_wconf 90' lang='lat' dir='ltr'>tandem,</span> <span class='ocrx_word' id='word_1_143' title='bbox 572 1768 748 1818; x_wconf 90' lang='lat' dir='ltr'>tuaque</span> <span class='ocrx_word' id='word_1_144' title='bbox 775 1767 1048 1817; x_wconf 82' lang='lat' dir='ltr'>exspectata</span> <span class='ocrx_word' id='word_1_145' title='bbox 1072 1752 1259 1816; x_wconf 90' lang='lat' dir='ltr'>parenti</span> 
     </span>
    </p>

    <p class='ocr_par' dir='ltr' id='par_1_23' title="bbox 133 1820 1213 1885">
     <span class='ocr_line' id='line_1_24' title="bbox 133 1820 1213 1885; baseline -0.003 -16"><span class='ocrx_word' id='word_1_146' title='bbox 133 1822 250 1869; x_wconf 79' lang='lat' dir='ltr'>vicit</span> <span class='ocrx_word' id='word_1_147' title='bbox 275 1822 365 1868; x_wconf 86' lang='lat' dir='ltr'>iter</span> <span class='ocrx_word' id='word_1_148' title='bbox 390 1822 561 1868; x_wconf 87' lang='lat' dir='ltr'>durum</span> <span class='ocrx_word' id='word_1_149' title='bbox 586 1821 770 1885; x_wconf 86' lang='lat' dir='ltr'>pietas?</span> <span class='ocrx_word' id='word_1_150' title='bbox 807 1822 946 1868; x_wconf 91' lang='lat' dir='ltr'>datur</span> <span class='ocrx_word' id='word_1_151' title='bbox 971 1839 1049 1867; x_wconf 89' lang='lat' dir='ltr'>ora</span> <span class='ocrx_word' id='word_1_152' title='bbox 1076 1820 1213 1878; x_wconf 88' lang='lat' dir='ltr'>tueri,</span> 
     </span>
    </p>

    <p class='ocr_par' dir='ltr' id='par_1_24' title="bbox 134 1888 1304 1947">
     <span class='ocr_line' id='line_1_25' title="bbox 134 1888 1304 1947; baseline -0.002 -11"><span class='ocrx_word' id='word_1_153' title='bbox 134 1903 261 1947; x_wconf 88' lang='lat' dir='ltr'>nate,</span> <span class='ocrx_word' id='word_1_154' title='bbox 288 1902 384 1947; x_wconf 90' lang='lat' dir='ltr'>tua,</span> <span class='ocrx_word' id='word_1_155' title='bbox 414 1902 460 1936; x_wconf 89' lang='lat' dir='ltr'>et</span> <span class='ocrx_word' id='word_1_156' title='bbox 486 1903 621 1935; x_wconf 91' lang='lat' dir='ltr'>notas</span> <span class='ocrx_word' id='word_1_157' title='bbox 650 1889 812 1936; x_wconf 91' lang='lat' dir='ltr'>audire</span> <span class='ocrx_word' id='word_1_158' title='bbox 840 1902 887 1935; x_wconf 89' lang='lat' dir='ltr'>et</span> <span class='ocrx_word' id='word_1_159' title='bbox 911 1888 1107 1935; x_wconf 91' lang='lat' dir='ltr'>reddere</span> <span class='ocrx_word' id='word_1_160' title='bbox 1133 1891 1304 1934; x_wconf 86' lang='lat' dir='ltr'>voces?</span> 
     </span>
    </p>

    <p class='ocr_par' dir='ltr' id='par_1_25' title="bbox 135 1955 1576 2020">
     <span class='ocr_line' id='line_1_26' title="bbox 135 1955 1576 2020; baseline -0.003 -17"><span class='ocrx_word' id='word_1_161' title='bbox 135 1957 200 2003; x_wconf 89' lang='lat' dir='ltr'>sic</span> <span class='ocrx_word' id='word_1_162' title='bbox 229 1956 453 2020; x_wconf 90' lang='lat' dir='ltr'>equidem</span> <span class='ocrx_word' id='word_1_163' title='bbox 479 1956 715 2004; x_wconf 89' lang='lat' dir='ltr'>ducebam</span> <span class='ocrx_word' id='word_1_164' title='bbox 744 1956 904 2002; x_wconf 90' lang='lat' dir='ltr'>animo</span> <span class='ocrx_word' id='word_1_165' title='bbox 928 1956 1162 2019; x_wconf 89' lang='lat' dir='ltr'>rebarque</span> <span class='ocrx_word' id='word_1_166' title='bbox 1189 1955 1404 2001; x_wconf 90' lang='lat' dir='ltr'>futurum</span> <span class='ocrx_word' id='word_1_167' title='bbox 1515 1968 1576 2008; x_wconf 86' lang='lat'>690</span> 
     </span>
    </p>

    <p class='ocr_par' dir='ltr' id='par_1_26' title="bbox 135 2021 1405 2086">
     <span class='ocr_line' id='line_1_27' title="bbox 135 2021 1405 2086; baseline -0.002 -16"><span class='ocrx_word' id='word_1_168' title='bbox 135 2038 348 2086; x_wconf 76' lang='lat' dir='ltr'>tempora</span> <span class='ocrx_word' id='word_1_169' title='bbox 375 2023 696 2081; x_wconf 88' lang='lat' dir='ltr'>dinumerans,</span> <span class='ocrx_word' id='word_1_170' title='bbox 726 2041 814 2070; x_wconf 91' lang='lat' dir='ltr'>nec</span> <span class='ocrx_word' id='word_1_171' title='bbox 842 2040 918 2070; x_wconf 91' lang='lat' dir='ltr'>me</span> <span class='ocrx_word' id='word_1_172' title='bbox 944 2040 1050 2070; x_wconf 88' lang='lat' dir='ltr'>mea</span> <span class='ocrx_word' id='word_1_173' title='bbox 1075 2039 1185 2070; x_wconf 92' lang='lat' dir='ltr'>cura</span> <span class='ocrx_word' id='word_1_174' title='bbox 1212 2021 1405 2068; x_wconf 89' lang='lat' dir='ltr'>fefellit.</span> 
     </span>
    </p>

    <p class='ocr_par' dir='ltr' id='par_1_27' title="bbox 135 2102 1438 2154">
     <span class='ocr_line' id='line_1_28' title="bbox 135 2102 1438 2154; baseline -0.003 -17"><span class='ocrx_word' id='word_1_175' title='bbox 135 2107 250 2154; x_wconf 90' lang='lat' dir='ltr'>quas</span> <span class='ocrx_word' id='word_1_176' title='bbox 277 2107 363 2152; x_wconf 88' lang='lat' dir='ltr'>ego</span> <span class='ocrx_word' id='word_1_177' title='bbox 388 2104 435 2137; x_wconf 91' lang='lat' dir='ltr'>te</span> <span class='ocrx_word' id='word_1_178' title='bbox 463 2104 603 2137; x_wconf 90' lang='lat' dir='ltr'>terras</span> <span class='ocrx_word' id='word_1_179' title='bbox 631 2106 678 2137; x_wconf 93' lang='lat' dir='ltr'>et</span> <span class='ocrx_word' id='word_1_180' title='bbox 705 2104 882 2154; x_wconf 90' lang='lat' dir='ltr'>quanta</span> <span class='ocrx_word' id='word_1_181' title='bbox 909 2107 992 2152; x_wconf 91' lang='lat' dir='ltr'>per</span> <span class='ocrx_word' id='word_1_182' title='bbox 1017 2107 1219 2152; x_wconf 88' lang='lat' dir='ltr'>aequora</span> <span class='ocrx_word' id='word_1_183' title='bbox 1243 2102 1438 2135; x_wconf 88' lang='lat' dir='ltr'>vectum</span> 
     </span>
    </p>

    <p class='ocr_par' dir='ltr' id='par_1_28' title="bbox 136 2156 1250 2221">
     <span class='ocr_line' id='line_1_29' title="bbox 136 2156 1250 2221; baseline -0.002 -17"><span class='ocrx_word' id='word_1_184' title='bbox 136 2157 348 2220; x_wconf 81' lang='lat' dir='ltr'>accipio!</span> <span class='ocrx_word' id='word_1_185' title='bbox 389 2158 578 2221; x_wconf 87' lang='lat' dir='ltr'>quantis</span> <span class='ocrx_word' id='word_1_186' title='bbox 605 2158 850 2215; x_wconf 90' lang='lat' dir='ltr'>iactatum,</span> <span class='ocrx_word' id='word_1_187' title='bbox 879 2170 1006 2215; x_wconf 90' lang='lat' dir='ltr'>nate,</span> <span class='ocrx_word' id='word_1_188' title='bbox 1032 2156 1250 2219; x_wconf 90' lang='lat' dir='ltr'>periclis!</span> 
     </span>
    </p>

    <p class='ocr_par' dir='ltr' id='par_1_29' title="bbox 136 2219 1501 2299">
     <span class='ocr_line' id='line_1_30' title="bbox 136 2219 1501 2299; baseline -0.003 -28"><span class='ocrx_word' id='word_1_189' title='bbox 136 2242 279 2287; x_wconf 89' lang='lat' dir='ltr'>quam</span> <span class='ocrx_word' id='word_1_190' title='bbox 305 2224 472 2283; x_wconf 90' lang='lat' dir='ltr'>metui,</span> <span class='ocrx_word' id='word_1_191' title='bbox 499 2242 560 2271; x_wconf 92' lang='lat' dir='ltr'>ne</span> <span class='ocrx_word' id='word_1_192' title='bbox 587 2225 703 2287; x_wconf 91' lang='lat' dir='ltr'>quid</span> <span class='ocrx_word' id='word_1_193' title='bbox 729 2225 909 2285; x_wconf 91' lang='lat' dir='ltr'>Libyae</span> <span class='ocrx_word' id='word_1_194' title='bbox 937 2223 1025 2270; x_wconf 87' lang='lat' dir='ltr'>tibi</span> <span class='ocrx_word' id='word_1_195' title='bbox 1051 2240 1195 2299; x_wconf 78' lang='lat' dir='ltr'>regna</span> <span class='ocrx_word' id='word_1_196' title='bbox 1221 2219 1501 2269; x_wconf 78' lang='lat' dir='ltr'>nocerentl’</span> 
     </span>
    </p>

    <p class='ocr_par' dir='ltr' id='par_1_30' title="bbox 136 2290 1404 2352">
     <span class='ocr_line' id='line_1_31' title="bbox 136 2290 1404 2352; baseline -0.002 -14"><span class='ocrx_word' id='word_1_197' title='bbox 136 2291 221 2338; x_wconf 92' lang='lat' dir='ltr'>ille</span> <span class='ocrx_word' id='word_1_198' title='bbox 248 2305 438 2339; x_wconf 88' lang='lat' dir='ltr'>autem:</span> <span class='ocrx_word' id='word_1_199' title='bbox 478 2296 583 2338; x_wconf 90' lang='lat' dir='ltr'>‘tua</span> <span class='ocrx_word' id='word_1_200' title='bbox 610 2309 701 2350; x_wconf 91' lang='lat' dir='ltr'>me,</span> <span class='ocrx_word' id='word_1_201' title='bbox 729 2291 930 2352; x_wconf 88' lang='lat' dir='ltr'>genitor,</span> <span class='ocrx_word' id='word_1_202' title='bbox 957 2304 1038 2338; x_wconf 91' lang='lat' dir='ltr'>tua</span> <span class='ocrx_word' id='word_1_203' title='bbox 1064 2290 1207 2337; x_wconf 87' lang='lat' dir='ltr'>tristis</span> <span class='ocrx_word' id='word_1_204' title='bbox 1234 2290 1404 2350; x_wconf 88' lang='lat' dir='ltr'>imago,</span> 
     </span>
    </p>

    <p class='ocr_par' dir='ltr' id='par_1_31' title="bbox 137 2356 1384 2421">
     <span class='ocr_line' id='line_1_32' title="bbox 137 2356 1384 2421; baseline -0.002 -17"><span class='ocrx_word' id='word_1_205' title='bbox 137 2359 321 2421; x_wconf 88' lang='lat' dir='ltr'>saepius</span> <span class='ocrx_word' id='word_1_206' title='bbox 379 2376 616 2418; x_wconf 90' lang='lat' dir='ltr'>ccurrens,</span> <span class='ocrx_word' id='word_1_207' title='bbox 643 2360 761 2406; x_wconf 90' lang='lat' dir='ltr'>haec</span> <span class='ocrx_word' id='word_1_208' title='bbox 788 2358 958 2405; x_wconf 88' lang='lat' dir='ltr'>limina</span> <span class='ocrx_word' id='word_1_209' title='bbox 985 2358 1184 2405; x_wconf 90' lang='lat' dir='ltr'>tendere</span> <span class='ocrx_word' id='word_1_210' title='bbox 1209 2356 1384 2417; x_wconf 87' lang='lat' dir='ltr'>adegit.</span> 
     </span>
    </p>

    <p class='ocr_par' dir='ltr' id='par_1_32' title="bbox 139 2377 1491 2489">
     <span class='ocr_line' id='line_1_33' title="bbox 139 2377 1491 2489; baseline -0.001 -18"><span class='ocrx_word' id='word_1_211' title='bbox 139 2438 266 2472; x_wconf 85' lang='lat' dir='ltr'>stant</span> <span class='ocrx_word' id='word_1_212' title='bbox 291 2377 386 2473; x_wconf 60' lang='lat' dir='ltr'>sai2</span> <span class='ocrx_word' id='word_1_213' title='bbox 362 2426 495 2489; x_wconf 79' lang='lat' dir='ltr'>Tey</span> <span class='ocrx_word' id='word_1_214' title='bbox 497 2428 667 2473; x_wconf 88' lang='lat' dir='ltr'>rrheno</span> <span class='ocrx_word' id='word_1_215' title='bbox 695 2427 880 2473; x_wconf 88' lang='lat' dir='ltr'>classes.</span> <span class='ocrx_word' id='word_1_216' title='bbox 953 2425 1050 2472; x_wconf 86' lang='lat' dir='ltr'>da</span> <span class='ocrx_word' id='word_1_217' title='bbox 1038 2441 1233 2486; x_wconf 87' lang='lat' dir='ltr'>1ungere</span> <span class='ocrx_word' id='word_1_218' title='bbox 1259 2424 1491 2479; x_wconf 82' lang='lat' dir='ltr'>dextram,</span> 
     </span>
    </p>

    <p class='ocr_par' dir='ltr' id='par_1_33' title="bbox 139 2488 1441 2558">
     <span class='ocr_line' id='line_1_34' title="bbox 139 2488 1441 2558; baseline 0 -21"><span class='ocrx_word' id='word_1_219' title='bbox 139 2492 213 2549; x_wconf 90' lang='lat' dir='ltr'>da,</span> <span class='ocrx_word' id='word_1_220' title='bbox 239 2493 454 2553; x_wconf 83' lang='lat' dir='ltr'>genitor3</span> <span class='ocrx_word' id='word_1_221' title='bbox 492 2508 634 2557; x_wconf 88' lang='lat' dir='ltr'>teque</span> <span class='ocrx_word' id='word_1_222' title='bbox 661 2494 885 2558; x_wconf 79' lang='lat' dir='ltr'>amplexu</span> <span class='ocrx_word' id='word_1_223' title='bbox 913 2510 973 2539; x_wconf 88' lang='lat' dir='ltr'>ne</span> <span class='ocrx_word' id='word_1_224' title='bbox 1001 2493 1224 2539; x_wconf 88' lang='lat' dir='ltr'>subtrahe</span> <span class='ocrx_word' id='word_1_225' title='bbox 1249 2488 1441 2538; x_wconf 61' lang='lat' dir='ltr'>nostro?</span> 
     </span>
    </p>

    <p class='ocr_par' dir='ltr' id='par_1_34' title="bbox 141 2558 1289 2622">
     <span class='ocr_line' id='line_1_35' title="bbox 141 2558 1289 2622; baseline 0.002 -19"><span class='ocrx_word' id='word_1_226' title='bbox 141 2558 205 2604; x_wconf 90' lang='lat' dir='ltr'>sic</span> <span class='ocrx_word' id='word_1_227' title='bbox 233 2575 496 2607; x_wconf 90' lang='lat' dir='ltr'>memorans</span> <span class='ocrx_word' id='word_1_228' title='bbox 524 2562 650 2622; x_wconf 91' lang='lat' dir='ltr'>largo</span> <span class='ocrx_word' id='word_1_229' title='bbox 677 2560 793 2607; x_wconf 88' lang='lat' dir='ltr'>fletu</span> <span class='ocrx_word' id='word_1_230' title='bbox 820 2560 962 2607; x_wconf 89' lang='lat' dir='ltr'>simul</span> <span class='ocrx_word' id='word_1_231' title='bbox 989 2578 1067 2606; x_wconf 91' lang='lat' dir='ltr'>ora</span> <span class='ocrx_word' id='word_1_232' title='bbox 1092 2559 1289 2620; x_wconf 87' lang='lat' dir='ltr'>rigabat.</span> 
     </span>
    </p>

    <p class='ocr_par' dir='ltr' id='par_1_35' title="bbox 141 2627 1580 2676">
     <span class='ocr_line' id='line_1_36' title="bbox 141 2627 1580 2676; baseline 0.004 -6"><span class='ocrx_word' id='word_1_233' title='bbox 141 2638 212 2671; x_wconf 90' lang='lat' dir='ltr'>ter</span> <span class='ocrx_word' id='word_1_234' title='bbox 237 2639 432 2673; x_wconf 89' lang='lat' dir='ltr'>conatus</span> <span class='ocrx_word' id='word_1_235' title='bbox 457 2628 523 2673; x_wconf 92' lang='lat' dir='ltr'>ibi</span> <span class='ocrx_word' id='word_1_236' title='bbox 551 2629 676 2674; x_wconf 94' lang='lat' dir='ltr'>collo</span> <span class='ocrx_word' id='word_1_237' title='bbox 702 2628 812 2674; x_wconf 89' lang='lat' dir='ltr'>dare</span> <span class='ocrx_word' id='word_1_238' title='bbox 837 2627 1061 2675; x_wconf 86' lang='lat' dir='ltr'>bracchia</span> <span class='ocrx_word' id='word_1_239' title='bbox 1087 2627 1297 2674; x_wconf 86' lang='lat' dir='ltr'>circum:</span> <span class='ocrx_word' id='word_1_240' title='bbox 1518 2647 1580 2676; x_wconf 86' lang='lat'>700</span> 
     </span>
    </p>

    <p class='ocr_par' dir='ltr' id='par_1_36' title="bbox 143 2691 1292 2759">
     <span class='ocr_line' id='line_1_37' title="bbox 143 2691 1292 2759; baseline 0.003 -23"><span class='ocrx_word' id='word_1_241' title='bbox 143 2704 213 2737; x_wconf 91' lang='lat' dir='ltr'>ter</span> <span class='ocrx_word' id='word_1_242' title='bbox 237 2691 407 2738; x_wconf 85' lang='lat' dir='ltr'>frustra</span> <span class='ocrx_word' id='word_1_243' title='bbox 433 2710 709 2759; x_wconf 87' lang='lat' dir='ltr'>comprensa</span> <span class='ocrx_word' id='word_1_244' title='bbox 735 2712 902 2741; x_wconf 91' lang='lat' dir='ltr'>manus</span> <span class='ocrx_word' id='word_1_245' title='bbox 930 2694 1133 2754; x_wconf 84' lang='lat' dir='ltr'>effugit</span> <span class='ocrx_word' id='word_1_246' title='bbox 1121 2710 1292 2753; x_wconf 77' lang='lat' dir='ltr'>imago,</span> 
     </span>
    </p>

    <p class='ocr_par' dir='ltr' id='par_1_37' title="bbox 140 2758 1394 2824">
     <span class='ocr_line' id='line_1_38' title="bbox 140 2758 1394 2824; baseline -0.002 -19"><span class='ocrx_word' id='word_1_247' title='bbox 140 2776 222 2821; x_wconf 89' lang='lat' dir='ltr'>par</span> <span class='ocrx_word' id='word_1_248' title='bbox 247 2758 429 2805; x_wconf 88' lang='lat' dir='ltr'>levibus</span> <span class='ocrx_word' id='word_1_249' title='bbox 454 2760 608 2806; x_wconf 88' lang='lat' dir='ltr'>ventis</span> <span class='ocrx_word' id='word_1_250' title='bbox 634 2761 913 2824; x_wconf 89' lang='lat' dir='ltr'>volucrique</span> <span class='ocrx_word' id='word_1_251' title='bbox 940 2760 1184 2806; x_wconf 88' lang='lat' dir='ltr'>simillima</span> <span class='ocrx_word' id='word_1_252' title='bbox 1211 2774 1394 2805; x_wconf 91' lang='lat' dir='ltr'>somno.</span> 
     </span>
    </p>
   </div>
  </div>
 </body>
</html>
