1866 3208
296 273 372 314 342
744 263 788 300 P.
817 261 1053 299 VERGILI
1084 263 1342 301 MARONIS
1836 220 1861 309 ,ξ

361 368 657 416 sem1animes
682 368 942 413 volvuntur
967 368 1076 431 equi
1099 389 1114 426 3
1149 386 1307 432 pugna
1331 386 1490 432 aspera
1516 371 1678 433 surgit.

362 435 640 482 Orsilochus
668 433 877 491 Remuli,
904 435 1094 496 quando
1118 435 1274 499 ipsum
1298 437 1519 483 horrebat
1544 438 1684 494 adire,

360 503 542 548 hastam
569 500 757 546 intorsit
782 517 919 562 eqUO,
946 501 1217 565 ferrumque
1244 503 1328 549 sub
1355 520 1467 550 aure
1492 504 1685 568 reliquit
1709 525 1721 561 ;

360 584 454 630 quo
480 567 666 629 sonipes
693 566 793 613 ictu
819 567 935 613 furit
961 568 1144 625 arduus,
1172 570 1360 633 altaque
1386 569 1527 617 iactat

359 633 568 680 vulneris
595 633 832 696 inpatiens
859 649 1039 681 arrecto
1063 649 1254 698 pectore
1281 653 1432 683 crura.

356 700 562 746 volvitur
586 700 668 746 ille
694 718 914 748 excussus
939 703 1089 749 humi.
1161 702 1364 749 Catillus
1389 703 1543 750 Iollan
1724 719 1786 758 640

358 766 697 830 ingentemque
724 767 890 814 animis
917 768 1161 829 ingentem
1188 786 1381 831 corpore
1407 782 1453 816 et
1479 769 1618 816 armis

357 833 505 880 deicit
532 834 861 891 Herminium,
887 835 1017 881 nudo
1043 835 1120 882 cui
1150 836 1327 882 vertice
1354 835 1484 882 fulva

357 900 579 946 caesaries
606 901 820 963 nudique
847 901 996 948 umeri
1021 922 1034 958 ;
1071 919 1159 949 nec
1190 903 1386 949 vulnera
1411 916 1590 949 terrent
1614 924 1627 960 ;

359 979 516 1012 tantus
543 966 593 1012 in
621 984 744 1013 arma
771 979 917 1029 patet.
989 968 1106 1015 latos
1132 969 1242 1015 huic
1269 970 1399 1015 hasta
1422 987 1506 1032 per
1531 986 1680 1016 armos
1851 979 1858 1021 ἶ

357 1046 458 1079 acta
484 1033 645 1079 tremit
670 1033 978 1097 duplicatque
1003 1035 1156 1082 virum
1183 1036 1401 1082 transfixa
1427 1036 1606 1083 dolore.

358 1099 577 1145 funditur
602 1112 702 1146 ater
728 1100 904 1163 ubique
931 1118 1102 1156 cru0r3
1138 1102 1252 1149 dant
1277 1103 1443 1149 funera
1469 1103 1590 1148 ferro

357 1179 589 1212 certantes
614 1167 962 1230 pulchramque
988 1181 1158 1229 petunt
1182 1186 1267 1231 per
1291 1169 1490 1215 vulnera
1515 1182 1736 1216 mortem.

424 1245 469 1278 at
494 1233 672 1279 medias
698 1233 822 1280 inter
848 1235 1012 1280 caedes
1040 1235 1241 1281 exsultat
1266 1236 1500 1294 Amazon,

358 1316 507 1345 unum
534 1314 714 1346 exserta
738 1301 857 1346 latus
884 1317 1082 1362 pugnae,
1110 1303 1374 1364 pharetrata
1400 1301 1607 1348 Camilla
1629 1322 1642 1358 ;

357 1379 403 1412 et
430 1383 560 1413 nunc
587 1367 716 1413 lenta
741 1384 884 1413 manu
912 1385 1128 1429 spargens
1154 1368 1341 1414 hastilia
1366 1368 1546 1427 denset,
1722 1383 1786 1422 650

357 1449 486 1479 nunc
512 1433 714 1480 validam
741 1434 905 1480 dextra
932 1435 1054 1496 rapit
1079 1435 1312 1481 indefessa
1336 1434 1596 1498 bipennem
1619 1456 1633 1493 ;

356 1516 520 1546 aureus
548 1517 604 1546 ex
632 1517 794 1546 umero
821 1514 955 1547 sonat
982 1518 1113 1547 arcus
1141 1514 1187 1547 et
1212 1518 1339 1547 arma
1363 1501 1565 1548 Dianae.

355 1566 434 1612 illa
463 1566 619 1622 etiam,
649 1567 684 1613 si
711 1567 904 1630 quando
930 1567 979 1613 in
1008 1580 1190 1628 tergum
1216 1568 1350 1630 pulsa
1375 1567 1583 1624 recessit,

356 1632 537 1694 spicula
561 1650 789 1680 converso
817 1634 1050 1695 fugientia
1077 1634 1247 1695 derigit
1273 1651 1402 1682 arcu.

356 1712 399 1745 at
425 1699 608 1745 circum
634 1701 783 1746 lectae
810 1700 1020 1757 comites,
1049 1700 1316 1763 Larinaque
1341 1700 1472 1762 virgo

356 1765 601 1828 Tullaque
629 1779 676 1811 et
701 1779 902 1812 aeratam
929 1767 1146 1829 quatiens
1174 1767 1382 1829 Tarpeia
1411 1767 1630 1825 securim,

355 1832 564 1887 Italides,
591 1849 702 1895 quas
729 1832 826 1894 ipsa
850 1833 994 1879 decus
1022 1833 1107 1878 sibi
1135 1833 1211 1879 dia
1239 1833 1443 1879 Camilla

353 1898 544 1958 delegit,
569 1898 792 1961 pacisque
819 1900 962 1946 bonas
991 1899 1199 1962 bellique
1226 1900 1460 1946 ministras
1485 1919 1495 1946 :

352 1965 512 2027 quales
540 1965 794 2012 Threiciae
821 1983 931 2012 curn
958 1966 1155 2013 flumina
1183 1966 1557 2013 Thermodontis

352 2031 542 2093 pulsant
568 2043 614 2077 et
639 2031 778 2093 pictis
806 2033 1047 2079 bellantur
1072 2034 1336 2080 Amazones
1364 2033 1522 2090 armis,
1718 2048 1781 2080 660

352 2114 430 2144 seu
458 2097 636 2144 circum
665 2098 985 2161 Hippolyten,
1016 2116 1095 2146 seu
1124 2117 1234 2146 cum
1261 2117 1306 2146 se
1336 2099 1513 2146 Martia
1534 2116 1674 2147 curru

354 2164 653 2211 Penthesilea
681 2166 841 2222 refert,
870 2183 1134 2229 magnoque
1163 2167 1376 2213 ululante
1405 2167 1614 2213 tumultu

351 2231 557 2278 feminea
583 2232 823 2278 exsultant
851 2233 1027 2278 lunatis
1056 2233 1241 2293 agmina
1267 2233 1422 2295 peltis.

349 2314 491 2359 quern
519 2299 613 2344 telo
638 2299 864 2360 primum,
894 2316 1037 2362 quem
1063 2313 1370 2361 postremum,
1398 2316 1556 2360 aspera
1582 2298 1726 2360 virgo,

347 2363 530 2409 deicis?
566 2378 647 2410 aut
674 2378 790 2427 quot
816 2365 949 2411 humi
977 2365 1228 2411 morientia
1254 2382 1448 2427 corpora
1474 2365 1673 2412 fundis?

349 2430 570 2476 Euneum
599 2430 764 2491 Clytio
790 2431 997 2493 primurn
1023 2444 1155 2493 patre
1179 2451 1192 2486 ;
1230 2431 1363 2477 cuius
1390 2445 1606 2494 apertum

348 2496 524 2542 adversi
553 2496 694 2557 longa
723 2497 1064 2543 transverberat
1090 2497 1245 2543 abiete
1269 2510 1452 2560 pectus.

348 2562 590 2624 sanguinis
617 2562 699 2608 ille
727 2579 921 2609 vomens
947 2562 1069 2609 rivos
1097 2563 1239 2620 cadit,
1264 2577 1405 2627 atque
1432 2577 1678 2612 cruentam

348 2629 531 2675 mandit
590 2630 808 2684 humum,
866 2629 1167 2692 moriensque
1226 2647 1309 2676 suo
1368 2647 1414 2677 se
1473 2631 1524 2677 in
1579 2631 1774 2678 vulnere

504 2709 674 2743 versat.

570 2773 646 2822 650
678 2775 818 2812 densat.
931 2773 1004 2823 653
1037 2773 1076 2811 in
1099 2781 1259 2821 tergum,
1281 2774 1311 2812 si
1331 2776 1491 2825 quand0.
