<?xml version="1.0" encoding="UTF-8"?>
<!DOCTYPE html PUBLIC "-//W3C//DTD XHTML 1.0 Transitional//EN"
    "http://www.w3.org/TR/xhtml1/DTD/xhtml1-transitional.dtd">
<html xmlns="http://www.w3.org/1999/xhtml" xml:lang="en" lang="en">
 <head>
  <title>
</title>
<meta http-equiv="Content-Type" content="text/html;charset=utf-8" />
  <meta name='ocr-system' content='tesseract 3.04.00' />
  <meta name='ocr-capabilities' content='ocr_page ocr_carea ocr_par ocr_line ocrx_word'/>
</head>
<body>
  <div class='ocr_page' id='page_1' title='image "./operabucolicageo00virguoft_0039.png"; bbox 0 0 1861 3256; ppageno 0'>
   <div class='ocr_carea' id='block_1_1' title="bbox 552 253 1568 291">
    <p class='ocr_par' dir='ltr' id='par_1_1' title="bbox 552 253 1568 291">
     <span class='ocr_line' id='line_1_1' title="bbox 552 253 1568 291; baseline 0 -1"><span class='ocrx_word' id='word_1_1' title='bbox 552 253 859 291; x_wconf 89' lang='lat' dir='ltr'>BUCOLICA:</span> <span class='ocrx_word' id='word_1_2' title='bbox 902 253 1018 291; x_wconf 87' lang='lat' dir='ltr'><strong>ECL.</strong></span> <span class='ocrx_word' id='word_1_3' title='bbox 1046 255 1088 290; x_wconf 92' lang='lat' dir='ltr'>V</span> <span class='ocrx_word' id='word_1_4' title='bbox 1526 265 1568 290; x_wconf 85' lang='lat'>11</span> 
     </span>
    </p>
   </div>
   <div class='ocr_carea' id='block_1_2' title="bbox 133 359 1576 1428">
    <p class='ocr_par' dir='ltr' id='par_1_2' title="bbox 135 359 1576 692">
     <span class='ocr_line' id='line_1_2' title="bbox 137 359 1492 422; baseline -0.001 -14"><span class='ocrx_word' id='word_1_5' title='bbox 137 362 389 422; x_wconf 83' lang='lat' dir='ltr'>adgredere</span> <span class='ocrx_word' id='word_1_6' title='bbox 414 378 442 406; x_wconf 94' lang='lat' dir='ltr'>o</span> <span class='ocrx_word' id='word_1_7' title='bbox 468 359 877 420; x_wconf 84' lang='lat' dir='ltr'>magnos—aderit</span> <span class='ocrx_word' id='word_1_8' title='bbox 903 360 995 406; x_wconf 87' lang='lat' dir='ltr'>iarn</span> <span class='ocrx_word' id='word_1_9' title='bbox 1022 360 1492 422; x_wconf 87' lang='lat' dir='ltr'>tempus—honores,</span> 
     </span>
     <span class='ocr_line' id='line_1_3' title="bbox 136 427 1440 487; baseline -0.001 -12"><span class='ocrx_word' id='word_1_10' title='bbox 136 447 240 476; x_wconf 90' lang='lat' dir='ltr'>cara</span> <span class='ocrx_word' id='word_1_11' title='bbox 266 429 410 475; x_wconf 91' lang='lat' dir='ltr'>deum</span> <span class='ocrx_word' id='word_1_12' title='bbox 436 427 637 483; x_wconf 86' lang='lat' dir='ltr'>suboles,</span> <span class='ocrx_word' id='word_1_13' title='bbox 663 443 890 487; x_wconf 90' lang='lat' dir='ltr'>magnum</span> <span class='ocrx_word' id='word_1_14' title='bbox 916 427 1040 473; x_wconf 89' lang='lat' dir='ltr'>Iovis</span> <span class='ocrx_word' id='word_1_15' title='bbox 1068 427 1440 474; x_wconf 84' lang='lat' dir='ltr'>incrementum.</span> 
     </span>
     <span class='ocr_line' id='line_1_4' title="bbox 135 495 1576 558; baseline -0.002 -15"><span class='ocrx_word' id='word_1_16' title='bbox 135 497 290 558; x_wconf 86' lang='lat' dir='ltr'>aspice</span> <span class='ocrx_word' id='word_1_17' title='bbox 317 511 531 542; x_wconf 78' lang='lat' dir='ltr'>convexo</span> <span class='ocrx_word' id='word_1_18' title='bbox 557 507 807 540; x_wconf 86' lang='lat' dir='ltr'>nutantem</span> <span class='ocrx_word' id='word_1_19' title='bbox 834 495 1041 555; x_wconf 91' lang='lat' dir='ltr'>pondere</span> <span class='ocrx_word' id='word_1_20' title='bbox 1069 495 1318 550; x_wconf 89' lang='lat' dir='ltr'>mundum,</span> <span class='ocrx_word' id='word_1_21' title='bbox 1534 519 1576 548; x_wconf 86' lang='lat'>50</span> 
     </span>
     <span class='ocr_line' id='line_1_5' title="bbox 135 560 1496 626; baseline -0.001 -17"><span class='ocrx_word' id='word_1_22' title='bbox 135 577 373 626; x_wconf 86' lang='lat' dir='ltr'>terrasque</span> <span class='ocrx_word' id='word_1_23' title='bbox 400 574 670 624; x_wconf 88' lang='lat' dir='ltr'>tractusque</span> <span class='ocrx_word' id='word_1_24' title='bbox 696 560 833 606; x_wconf 90' lang='lat' dir='ltr'>maris</span> <span class='ocrx_word' id='word_1_25' title='bbox 860 561 1140 625; x_wconf 87' lang='lat' dir='ltr'>caelumque</span> <span class='ocrx_word' id='word_1_26' title='bbox 1166 561 1459 624; x_wconf 89' lang='lat' dir='ltr'>profundum</span> <span class='ocrx_word' id='word_1_27' title='bbox 1482 580 1496 615; x_wconf 82' lang='lat'>3</span> 
     </span>
     <span class='ocr_line' id='line_1_6' title="bbox 136 628 1254 692; baseline 0 -16"><span class='ocrx_word' id='word_1_28' title='bbox 136 630 306 692; x_wconf 83' lang='lat' dir='ltr'>aspice,</span> <span class='ocrx_word' id='word_1_29' title='bbox 335 642 536 675; x_wconf 90' lang='lat' dir='ltr'>venturo</span> <span class='ocrx_word' id='word_1_30' title='bbox 561 628 799 674; x_wconf 86' lang='lat' dir='ltr'>laetantur</span> <span class='ocrx_word' id='word_1_31' title='bbox 825 640 877 674; x_wconf 92' lang='lat' dir='ltr'>ut</span> <span class='ocrx_word' id='word_1_32' title='bbox 902 629 1062 675; x_wconf 90' lang='lat' dir='ltr'>omnia</span> <span class='ocrx_word' id='word_1_33' title='bbox 1086 629 1254 676; x_wconf 76' lang='lat' dir='ltr'>saeclo·</span> 
     </span>
    </p>

    <p class='ocr_par' dir='ltr' id='par_1_3' title="bbox 135 696 1320 757">
     <span class='ocr_line' id='line_1_7' title="bbox 135 696 1320 757; baseline -0.001 -14"><span class='ocrx_word' id='word_1_34' title='bbox 135 715 163 743; x_wconf 92' lang='lat' dir='ltr'>o</span> <span class='ocrx_word' id='word_1_35' title='bbox 189 697 306 743; x_wconf 90' lang='lat' dir='ltr'>mihi</span> <span class='ocrx_word' id='word_1_36' title='bbox 334 709 430 743; x_wconf 91' lang='lat' dir='ltr'>tam</span> <span class='ocrx_word' id='word_1_37' title='bbox 457 696 621 756; x_wconf 89' lang='lat' dir='ltr'>longae</span> <span class='ocrx_word' id='word_1_38' title='bbox 648 708 835 741; x_wconf 89' lang='lat' dir='ltr'>maneat</span> <span class='ocrx_word' id='word_1_39' title='bbox 860 712 964 757; x_wconf 90' lang='lat' dir='ltr'>pars</span> <span class='ocrx_word' id='word_1_40' title='bbox 991 696 1157 742; x_wconf 84' lang='lat' dir='ltr'>ultima</span> <span class='ocrx_word' id='word_1_41' title='bbox 1182 696 1320 753; x_wconf 87' lang='lat' dir='ltr'>vitae,</span> 
     </span>
    </p>

    <p class='ocr_par' dir='ltr' id='par_1_4' title="bbox 135 762 1318 827">
     <span class='ocr_line' id='line_1_8' title="bbox 135 762 1318 827; baseline -0.001 -17"><span class='ocrx_word' id='word_1_42' title='bbox 135 764 323 826; x_wconf 91' lang='lat' dir='ltr'>spiritus</span> <span class='ocrx_word' id='word_1_43' title='bbox 349 778 396 810; x_wconf 94' lang='lat' dir='ltr'>et</span> <span class='ocrx_word' id='word_1_44' title='bbox 421 776 654 827; x_wconf 88' lang='lat' dir='ltr'>quantum</span> <span class='ocrx_word' id='word_1_45' title='bbox 680 776 746 808; x_wconf 87' lang='lat' dir='ltr'>sat</span> <span class='ocrx_word' id='word_1_46' title='bbox 774 762 862 808; x_wconf 88' lang='lat' dir='ltr'>erit</span> <span class='ocrx_word' id='word_1_47' title='bbox 888 776 968 808; x_wconf 88' lang='lat' dir='ltr'>tua</span> <span class='ocrx_word' id='word_1_48' title='bbox 994 762 1152 809; x_wconf 82' lang='lat' dir='ltr'>dicere</span> <span class='ocrx_word' id='word_1_49' title='bbox 1179 764 1318 819; x_wconf 89' lang='lat' dir='ltr'>facta,</span> 
     </span>
    </p>

    <p class='ocr_par' dir='ltr' id='par_1_5' title="bbox 135 829 1573 1027">
     <span class='ocr_line' id='line_1_9' title="bbox 135 829 1479 893; baseline 0 -16"><span class='ocrx_word' id='word_1_50' title='bbox 135 848 230 877; x_wconf 88' lang='lat' dir='ltr'>non</span> <span class='ocrx_word' id='word_1_51' title='bbox 257 848 332 877; x_wconf 87' lang='lat' dir='ltr'>me</span> <span class='ocrx_word' id='word_1_52' title='bbox 360 830 645 877; x_wconf 86' lang='lat' dir='ltr'>carminibus</span> <span class='ocrx_word' id='word_1_53' title='bbox 672 829 834 876; x_wconf 87' lang='lat' dir='ltr'>vincat</span> <span class='ocrx_word' id='word_1_54' title='bbox 860 846 948 876; x_wconf 90' lang='lat' dir='ltr'>nec</span> <span class='ocrx_word' id='word_1_55' title='bbox 977 829 1214 876; x_wconf 85' lang='lat' dir='ltr'>Thracius</span> <span class='ocrx_word' id='word_1_56' title='bbox 1243 831 1479 893; x_wconf 86' lang='lat' dir='ltr'>Orpheus,</span> 
     </span>
     <span class='ocr_line' id='line_1_10' title="bbox 135 897 1573 960; baseline 0 -16"><span class='ocrx_word' id='word_1_57' title='bbox 135 915 224 944; x_wconf 90' lang='lat' dir='ltr'>nec</span> <span class='ocrx_word' id='word_1_58' title='bbox 246 899 413 954; x_wconf 83' lang='lat' dir='ltr'>Linus,</span> <span class='ocrx_word' id='word_1_59' title='bbox 433 897 544 944; x_wconf 89' lang='lat' dir='ltr'>huic</span> <span class='ocrx_word' id='word_1_60' title='bbox 567 910 720 943; x_wconf 87' lang='lat' dir='ltr'>mater</span> <span class='ocrx_word' id='word_1_61' title='bbox 741 897 953 960; x_wconf 88' lang='lat' dir='ltr'>quamvis</span> <span class='ocrx_word' id='word_1_62' title='bbox 976 910 1117 960; x_wconf 89' lang='lat' dir='ltr'>atque</span> <span class='ocrx_word' id='word_1_63' title='bbox 1138 897 1249 943; x_wconf 91' lang='lat' dir='ltr'>huic</span> <span class='ocrx_word' id='word_1_64' title='bbox 1277 910 1411 960; x_wconf 85' lang='lat' dir='ltr'>pater</span> <span class='ocrx_word' id='word_1_65' title='bbox 1437 897 1573 954; x_wconf 88' lang='lat' dir='ltr'>adsit,</span> 
     </span>
     <span class='ocr_line' id='line_1_11' title="bbox 136 964 1230 1027; baseline -0.001 -16"><span class='ocrx_word' id='word_1_66' title='bbox 136 965 319 1027; x_wconf 89' lang='lat' dir='ltr'>Orphei</span> <span class='ocrx_word' id='word_1_67' title='bbox 349 965 610 1027; x_wconf 88' lang='lat' dir='ltr'>Calliopea,</span> <span class='ocrx_word' id='word_1_68' title='bbox 638 964 762 1010; x_wconf 91' lang='lat' dir='ltr'>Lino</span> <span class='ocrx_word' id='word_1_69' title='bbox 788 965 1014 1010; x_wconf 84' lang='lat' dir='ltr'>formosus</span> <span class='ocrx_word' id='word_1_70' title='bbox 1040 965 1230 1026; x_wconf 88' lang='lat' dir='ltr'>Apollo.</span> 
     </span>
    </p>

    <p class='ocr_par' dir='ltr' id='par_1_6' title="bbox 136 1031 1308 1088">
     <span class='ocr_line' id='line_1_12' title="bbox 136 1031 1308 1088; baseline -0.001 -10"><span class='ocrx_word' id='word_1_71' title='bbox 136 1033 234 1078; x_wconf 91' lang='lat' dir='ltr'>Pan</span> <span class='ocrx_word' id='word_1_72' title='bbox 263 1032 418 1088; x_wconf 90' lang='lat' dir='ltr'>etiam,</span> <span class='ocrx_word' id='word_1_73' title='bbox 445 1032 649 1078; x_wconf 89' lang='lat' dir='ltr'>Arcadia</span> <span class='ocrx_word' id='word_1_74' title='bbox 676 1048 867 1078; x_wconf 91' lang='lat' dir='ltr'>mecum</span> <span class='ocrx_word' id='word_1_75' title='bbox 895 1031 928 1077; x_wconf 91' lang='lat' dir='ltr'>si</span> <span class='ocrx_word' id='word_1_76' title='bbox 957 1031 1115 1078; x_wconf 86' lang='lat' dir='ltr'>iudice</span> <span class='ocrx_word' id='word_1_77' title='bbox 1142 1045 1308 1088; x_wconf 82' lang='lat' dir='ltr'>certet,</span> 
     </span>
    </p>

    <p class='ocr_par' dir='ltr' id='par_1_7' title="bbox 136 1098 1269 1146">
     <span class='ocr_line' id='line_1_13' title="bbox 136 1098 1269 1146; baseline -0.002 0"><span class='ocrx_word' id='word_1_78' title='bbox 136 1100 234 1146; x_wconf 88' lang='lat' dir='ltr'>Pan</span> <span class='ocrx_word' id='word_1_79' title='bbox 261 1099 404 1146; x_wconf 91' lang='lat' dir='ltr'>etiam</span> <span class='ocrx_word' id='word_1_80' title='bbox 429 1099 633 1145; x_wconf 86' lang='lat' dir='ltr'>Arcadia</span> <span class='ocrx_word' id='word_1_81' title='bbox 659 1098 787 1145; x_wconf 92' lang='lat' dir='ltr'>dicat</span> <span class='ocrx_word' id='word_1_82' title='bbox 814 1116 858 1144; x_wconf 91' lang='lat' dir='ltr'>se</span> <span class='ocrx_word' id='word_1_83' title='bbox 885 1098 1044 1144; x_wconf 89' lang='lat' dir='ltr'>iudice</span> <span class='ocrx_word' id='word_1_84' title='bbox 1071 1099 1269 1145; x_wconf 86' lang='lat' dir='ltr'>victum.</span> 
     </span>
    </p>

    <p class='ocr_par' dir='ltr' id='par_1_8' title="bbox 133 1166 1574 1294">
     <span class='ocr_line' id='line_1_14' title="bbox 133 1166 1574 1229; baseline -0.001 -16"><span class='ocrx_word' id='word_1_85' title='bbox 133 1166 309 1229; x_wconf 91' lang='lat' dir='ltr'>incipe,</span> <span class='ocrx_word' id='word_1_86' title='bbox 334 1183 477 1229; x_wconf 87' lang='lat' dir='ltr'>parve</span> <span class='ocrx_word' id='word_1_87' title='bbox 503 1183 635 1228; x_wconf 90' lang='lat' dir='ltr'>puer,</span> <span class='ocrx_word' id='word_1_88' title='bbox 661 1166 754 1212; x_wconf 88' lang='lat' dir='ltr'>risu</span> <span class='ocrx_word' id='word_1_89' title='bbox 781 1182 1065 1226; x_wconf 87' lang='lat' dir='ltr'>cognoscere</span> <span class='ocrx_word' id='word_1_90' title='bbox 1093 1179 1290 1212; x_wconf 85' lang='lat' dir='ltr'>matrem</span> <span class='ocrx_word' id='word_1_91' title='bbox 1314 1187 1326 1221; x_wconf 90' lang='lat'>;</span> <span class='ocrx_word' id='word_1_92' title='bbox 1533 1181 1574 1211; x_wconf 88' lang='lat'>60</span> 
     </span>
     <span class='ocr_line' id='line_1_15' title="bbox 134 1233 1307 1294; baseline -0.002 -14"><span class='ocrx_word' id='word_1_93' title='bbox 134 1234 268 1280; x_wconf 90' lang='lat' dir='ltr'>matri</span> <span class='ocrx_word' id='word_1_94' title='bbox 296 1234 434 1294; x_wconf 88' lang='lat' dir='ltr'>longa</span> <span class='ocrx_word' id='word_1_95' title='bbox 459 1233 628 1279; x_wconf 92' lang='lat' dir='ltr'>decem</span> <span class='ocrx_word' id='word_1_96' title='bbox 654 1233 872 1280; x_wconf 88' lang='lat' dir='ltr'>tulerunt</span> <span class='ocrx_word' id='word_1_97' title='bbox 897 1233 1082 1279; x_wconf 87' lang='lat' dir='ltr'>fastidia</span> <span class='ocrx_word' id='word_1_98' title='bbox 1108 1250 1307 1279; x_wconf 84' lang='lat' dir='ltr'>menses.</span> 
     </span>
    </p>

    <p class='ocr_par' dir='ltr' id='par_1_9' title="bbox 133 1300 1322 1363">
     <span class='ocr_line' id='line_1_16' title="bbox 133 1300 1322 1363; baseline -0.001 -16"><span class='ocrx_word' id='word_1_99' title='bbox 133 1301 308 1363; x_wconf 89' lang='lat' dir='ltr'>incipe,</span> <span class='ocrx_word' id='word_1_100' title='bbox 336 1317 479 1363; x_wconf 82' lang='lat' dir='ltr'>parve</span> <span class='ocrx_word' id='word_1_101' title='bbox 505 1318 659 1363; x_wconf 89' lang='lat' dir='ltr'>puer;</span> <span class='ocrx_word' id='word_1_102' title='bbox 697 1301 774 1347; x_wconf 91' lang='lat' dir='ltr'>cui</span> <span class='ocrx_word' id='word_1_103' title='bbox 801 1317 897 1346; x_wconf 90' lang='lat' dir='ltr'>non</span> <span class='ocrx_word' id='word_1_104' title='bbox 924 1300 1063 1346; x_wconf 89' lang='lat' dir='ltr'>risere</span> <span class='ocrx_word' id='word_1_105' title='bbox 1089 1313 1322 1363; x_wconf 79' lang='lat' dir='ltr'>parente5‚</span> 
     </span>
    </p>

    <p class='ocr_par' dir='ltr' id='par_1_10' title="bbox 133 1366 1450 1428">
     <span class='ocr_line' id='line_1_17' title="bbox 133 1366 1450 1428; baseline -0.002 -13"><span class='ocrx_word' id='word_1_106' title='bbox 133 1385 222 1415; x_wconf 89' lang='lat' dir='ltr'>nec</span> <span class='ocrx_word' id='word_1_107' title='bbox 248 1368 361 1414; x_wconf 91' lang='lat' dir='ltr'>deus</span> <span class='ocrx_word' id='word_1_108' title='bbox 386 1369 517 1414; x_wconf 88' lang='lat' dir='ltr'>hunc</span> <span class='ocrx_word' id='word_1_109' title='bbox 544 1384 721 1424; x_wconf 89' lang='lat' dir='ltr'>mensa,</span> <span class='ocrx_word' id='word_1_110' title='bbox 747 1368 835 1414; x_wconf 88' lang='lat' dir='ltr'>dea</span> <span class='ocrx_word' id='word_1_111' title='bbox 859 1385 948 1414; x_wconf 92' lang='lat' dir='ltr'>nec</span> <span class='ocrx_word' id='word_1_112' title='bbox 975 1368 1165 1428; x_wconf 79' lang='lat' dir='ltr'>dignata</span> <span class='ocrx_word' id='word_1_113' title='bbox 1193 1366 1340 1413; x_wconf 93' lang='lat' dir='ltr'>cubili</span> <span class='ocrx_word' id='word_1_114' title='bbox 1369 1381 1450 1414; x_wconf 78' lang='lat' dir='ltr'>est.</span> 
     </span>
    </p>
   </div>
   <div class='ocr_carea' id='block_1_3' title="bbox 635 1573 1000 1721">
    <p class='ocr_par' dir='ltr' id='par_1_11' title="bbox 635 1573 1000 1721">
     <span class='ocr_line' id='line_1_18' title="bbox 635 1573 1000 1620; baseline 0 0"><span class='ocrx_word' id='word_1_115' title='bbox 635 1573 916 1620; x_wconf 82' lang='lat' dir='ltr'>ECLOGA</span> <span class='ocrx_word' id='word_1_116' title='bbox 952 1575 1000 1620; x_wconf 89' lang='lat' dir='ltr'>V</span> 
     </span>
     <span class='ocr_line' id='line_1_19' title="bbox 693 1684 942 1721; baseline -0.004 0"><span class='ocrx_word' id='word_1_117' title='bbox 693 1684 942 1721; x_wconf 84' lang='lat' dir='ltr'>DAPHNIS</span> 
     </span>
    </p>
   </div>
   <div class='ocr_carea' id='block_1_4' title="bbox 579 1781 1049 1819">
    <p class='ocr_par' dir='ltr' id='par_1_12' title="bbox 579 1781 1049 1819">
     <span class='ocr_line' id='line_1_20' title="bbox 579 1781 1049 1819; baseline 0 -1"><span class='ocrx_word' id='word_1_118' title='bbox 579 1782 817 1818; x_wconf 73' lang='lat' dir='ltr'>MENALCAS.</span> <span class='ocrx_word' id='word_1_119' title='bbox 877 1781 1049 1819; x_wconf 78' lang='lat' dir='ltr'>Mopsus.</span> 
     </span>
    </p>
   </div>
   <div class='ocr_carea' id='block_1_5' title="bbox 131 1855 1573 2856">
    <p class='ocr_par' dir='ltr' id='par_1_13' title="bbox 131 1855 1573 2856">
     <span class='ocr_line' id='line_1_21' title="bbox 203 1855 1573 1919; baseline -0.001 -16"><span class='ocrx_word' id='word_1_120' title='bbox 203 1858 298 1905; x_wconf 85' lang='lat' dir='ltr'>Me.</span> <span class='ocrx_word' id='word_1_121' title='bbox 338 1856 449 1904; x_wconf 73' lang='lat' dir='ltr'>CUR</span> <span class='ocrx_word' id='word_1_122' title='bbox 485 1873 599 1914; x_wconf 89' lang='lat' dir='ltr'>non,</span> <span class='ocrx_word' id='word_1_123' title='bbox 627 1856 814 1918; x_wconf 89' lang='lat' dir='ltr'>Mopse,</span> <span class='ocrx_word' id='word_1_124' title='bbox 843 1855 954 1902; x_wconf 92' lang='lat' dir='ltr'>boni</span> <span class='ocrx_word' id='word_1_125' title='bbox 994 1856 1220 1919; x_wconf 80' lang='lat' dir='ltr'>quoniam</span> <span class='ocrx_word' id='word_1_126' title='bbox 1259 1856 1573 1902; x_wconf 87' lang='lat' dir='ltr'>convenimus</span> 
     </span>
     <span class='ocr_line' id='line_1_22' title="bbox 269 1925 421 1982; baseline 0 -12"><span class='ocrx_word' id='word_1_127' title='bbox 269 1925 421 1982; x_wconf 89' lang='lat' dir='ltr'>ambo,</span> 
     </span>
     <span class='ocr_line' id='line_1_23' title="bbox 132 1990 1274 2052; baseline -0.002 -14"><span class='ocrx_word' id='word_1_128' title='bbox 132 2004 183 2038; x_wconf 90' lang='lat' dir='ltr'>tu</span> <span class='ocrx_word' id='word_1_129' title='bbox 210 1991 415 2037; x_wconf 89' lang='lat' dir='ltr'>calamos</span> <span class='ocrx_word' id='word_1_130' title='bbox 439 1990 606 2037; x_wconf 86' lang='lat' dir='ltr'>inflare</span> <span class='ocrx_word' id='word_1_131' title='bbox 633 1990 774 2047; x_wconf 88' lang='lat' dir='ltr'>leves,</span> <span class='ocrx_word' id='word_1_132' title='bbox 803 1990 1072 2052; x_wconf 22' lang='lat' dir='ltr'>egordicere</span> <span class='ocrx_word' id='word_1_133' title='bbox 1099 2007 1274 2047; x_wconf 86' lang='lat' dir='ltr'>versus,</span> 
     </span>
     <span class='ocr_line' id='line_1_24' title="bbox 131 2057 1296 2120; baseline -0.001 -16"><span class='ocrx_word' id='word_1_134' title='bbox 131 2058 208 2104; x_wconf 91' lang='lat' dir='ltr'>hic</span> <span class='ocrx_word' id='word_1_135' title='bbox 237 2057 406 2120; x_wconf 89' lang='lat' dir='ltr'>corylis</span> <span class='ocrx_word' id='word_1_136' title='bbox 433 2057 602 2104; x_wconf 84' lang='lat' dir='ltr'>mixtas</span> <span class='ocrx_word' id='word_1_137' title='bbox 628 2057 755 2104; x_wconf 90' lang='lat' dir='ltr'>inter</span> <span class='ocrx_word' id='word_1_138' title='bbox 782 2057 1080 2104; x_wconf 86' lang='lat' dir='ltr'>consedimus</span> <span class='ocrx_word' id='word_1_139' title='bbox 1108 2058 1296 2104; x_wconf 85' lang='lat' dir='ltr'>ulmos?</span> 
     </span>
     <span class='ocr_line' id='line_1_25' title="bbox 204 2123 1571 2187; baseline -0.001 -17"><span class='ocrx_word' id='word_1_140' title='bbox 204 2126 300 2172; x_wconf 79' lang='lat' dir='ltr'>Mo,</span> <span class='ocrx_word' id='word_1_141' title='bbox 339 2138 390 2171; x_wconf 91' lang='lat' dir='ltr'>tu</span> <span class='ocrx_word' id='word_1_142' title='bbox 407 2124 556 2171; x_wconf 90' lang='lat' dir='ltr'>maior</span> <span class='ocrx_word' id='word_1_143' title='bbox 578 2145 592 2181; x_wconf 81' lang='lat'>3</span> <span class='ocrx_word' id='word_1_144' title='bbox 617 2124 704 2171; x_wconf 89' lang='lat' dir='ltr'>tibi</span> <span class='ocrx_word' id='word_1_145' title='bbox 722 2141 798 2170; x_wconf 91' lang='lat' dir='ltr'>me</span> <span class='ocrx_word' id='word_1_146' title='bbox 819 2138 886 2171; x_wconf 90' lang='lat' dir='ltr'>est</span> <span class='ocrx_word' id='word_1_147' title='bbox 904 2142 1110 2187; x_wconf 88' lang='lat' dir='ltr'>aequum</span> <span class='ocrx_word' id='word_1_148' title='bbox 1126 2141 1305 2187; x_wconf 88' lang='lat' dir='ltr'>parere,</span> <span class='ocrx_word' id='word_1_149' title='bbox 1324 2123 1571 2181; x_wconf 88' lang='lat' dir='ltr'>Menalca,</span> 
     </span>
     <span class='ocr_line' id='line_1_26' title="bbox 132 2191 1379 2254; baseline -0.002 -16"><span class='ocrx_word' id='word_1_150' title='bbox 132 2192 228 2238; x_wconf 88' lang='lat' dir='ltr'>sive</span> <span class='ocrx_word' id='word_1_151' title='bbox 255 2192 341 2238; x_wconf 88' lang='lat' dir='ltr'>sub</span> <span class='ocrx_word' id='word_1_152' title='bbox 365 2192 570 2238; x_wconf 88' lang='lat' dir='ltr'>incertas</span> <span class='ocrx_word' id='word_1_153' title='bbox 596 2192 834 2254; x_wconf 85' lang='lat' dir='ltr'>Zephyris</span> <span class='ocrx_word' id='word_1_154' title='bbox 859 2191 1151 2238; x_wconf 87' lang='lat' dir='ltr'>motantibus</span> <span class='ocrx_word' id='word_1_155' title='bbox 1177 2191 1379 2246; x_wconf 90' lang='lat' dir='ltr'>umbras,</span> 
     </span>
     <span class='ocr_line' id='line_1_27' title="bbox 132 2258 1444 2321; baseline -0.002 -15"><span class='ocrx_word' id='word_1_156' title='bbox 132 2260 228 2306; x_wconf 88' lang='lat' dir='ltr'>sive</span> <span class='ocrx_word' id='word_1_157' title='bbox 255 2272 386 2306; x_wconf 86' lang='lat' dir='ltr'>antro</span> <span class='ocrx_word' id='word_1_158' title='bbox 411 2259 566 2321; x_wconf 91' lang='lat' dir='ltr'>potius</span> <span class='ocrx_word' id='word_1_159' title='bbox 593 2259 905 2306; x_wconf 89' lang='lat' dir='ltr'>succedimus.</span> <span class='ocrx_word' id='word_1_160' title='bbox 978 2258 1151 2320; x_wconf 89' lang='lat' dir='ltr'>aspice,</span> <span class='ocrx_word' id='word_1_161' title='bbox 1176 2271 1229 2304; x_wconf 90' lang='lat' dir='ltr'>ut</span> <span class='ocrx_word' id='word_1_162' title='bbox 1255 2272 1444 2304; x_wconf 87' lang='lat' dir='ltr'>antrum</span> 
     </span>
     <span class='ocr_line' id='line_1_28' title="bbox 134 2325 1155 2389; baseline 0 -16"><span class='ocrx_word' id='word_1_163' title='bbox 134 2327 352 2373; x_wconf 82' lang='lat' dir='ltr'>silvestris</span> <span class='ocrx_word' id='word_1_164' title='bbox 377 2326 488 2373; x_wconf 90' lang='lat' dir='ltr'>raris</span> <span class='ocrx_word' id='word_1_165' title='bbox 515 2326 679 2389; x_wconf 87' lang='lat' dir='ltr'>sparsit</span> <span class='ocrx_word' id='word_1_166' title='bbox 705 2326 917 2373; x_wconf 87' lang='lat' dir='ltr'>labrusca</span> <span class='ocrx_word' id='word_1_167' title='bbox 943 2325 1155 2373; x_wconf 87' lang='lat' dir='ltr'>racemis.</span> 
     </span>
     <span class='ocr_line' id='line_1_29' title="bbox 207 2393 1570 2454; baseline -0.003 -13"><span class='ocrx_word' id='word_1_168' title='bbox 207 2395 300 2441; x_wconf 86' lang='lat' dir='ltr'>Me.</span> <span class='ocrx_word' id='word_1_169' title='bbox 339 2394 580 2441; x_wconf 89' lang='lat' dir='ltr'>montibus</span> <span class='ocrx_word' id='word_1_170' title='bbox 606 2393 655 2440; x_wconf 91' lang='lat' dir='ltr'>in</span> <span class='ocrx_word' id='word_1_171' title='bbox 683 2394 850 2441; x_wconf 89' lang='lat' dir='ltr'>nostris</span> <span class='ocrx_word' id='word_1_172' title='bbox 878 2393 1001 2440; x_wconf 88' lang='lat' dir='ltr'>solus</span> <span class='ocrx_word' id='word_1_173' title='bbox 1033 2393 1119 2439; x_wconf 90' lang='lat' dir='ltr'>tibi</span> <span class='ocrx_word' id='word_1_174' title='bbox 1148 2406 1297 2440; x_wconf 89' lang='lat' dir='ltr'>certat</span> <span class='ocrx_word' id='word_1_175' title='bbox 1322 2393 1570 2454; x_wconf 82' lang='lat' dir='ltr'>Amyntas.</span> 
     </span>
     <span class='ocr_line' id='line_1_30' title="bbox 205 2459 1573 2525; baseline -0.001 -19"><span class='ocrx_word' id='word_1_176' title='bbox 205 2462 301 2509; x_wconf 78' lang='lat' dir='ltr'>Mo,</span> <span class='ocrx_word' id='word_1_177' title='bbox 338 2462 467 2525; x_wconf 89' lang='lat' dir='ltr'>quid,</span> <span class='ocrx_word' id='word_1_178' title='bbox 481 2461 516 2507; x_wconf 86' lang='lat' dir='ltr'>si</span> <span class='ocrx_word' id='word_1_179' title='bbox 530 2461 658 2507; x_wconf 92' lang='lat' dir='ltr'>idem</span> <span class='ocrx_word' id='word_1_180' title='bbox 671 2474 823 2508; x_wconf 89' lang='lat' dir='ltr'>certet</span> <span class='ocrx_word' id='word_1_181' title='bbox 837 2461 1082 2507; x_wconf 90' lang='lat' dir='ltr'>Phoebum</span> <span class='ocrx_word' id='word_1_182' title='bbox 1097 2477 1313 2523; x_wconf 89' lang='lat' dir='ltr'>superare</span> <span class='ocrx_word' id='word_1_183' title='bbox 1327 2459 1573 2506; x_wconf 87' lang='lat' dir='ltr'>canendo?</span> 
     </span>
     <span class='ocr_line' id='line_1_31' title="bbox 208 2526 1573 2591; baseline -0.002 -18"><span class='ocrx_word' id='word_1_184' title='bbox 208 2529 302 2575; x_wconf 85' lang='lat' dir='ltr'>Me.</span> <span class='ocrx_word' id='word_1_185' title='bbox 338 2529 513 2591; x_wconf 88' lang='lat' dir='ltr'>incipe,</span> <span class='ocrx_word' id='word_1_186' title='bbox 535 2530 724 2590; x_wconf 90' lang='lat' dir='ltr'>Mopse,</span> <span class='ocrx_word' id='word_1_187' title='bbox 743 2528 884 2591; x_wconf 91' lang='lat' dir='ltr'>prior,</span> <span class='ocrx_word' id='word_1_188' title='bbox 902 2528 937 2574; x_wconf 87' lang='lat' dir='ltr'>si</span> <span class='ocrx_word' id='word_1_189' title='bbox 956 2545 1070 2591; x_wconf 88' lang='lat' dir='ltr'>quos</span> <span class='ocrx_word' id='word_1_190' title='bbox 1092 2541 1173 2574; x_wconf 87' lang='lat' dir='ltr'>aut</span> <span class='ocrx_word' id='word_1_191' title='bbox 1192 2527 1427 2589; x_wconf 86' lang='lat' dir='ltr'>Phyllidis</span> <span class='ocrx_word' id='word_1_192' title='bbox 1442 2526 1573 2586; x_wconf 88' lang='lat' dir='ltr'>ignes</span> 
     </span>
     <span class='ocr_line' id='line_1_32' title="bbox 135 2594 1571 2656; baseline -0.001 -17"><span class='ocrx_word' id='word_1_193' title='bbox 135 2606 216 2640; x_wconf 90' lang='lat' dir='ltr'>aut</span> <span class='ocrx_word' id='word_1_194' title='bbox 240 2594 434 2641; x_wconf 88' lang='lat' dir='ltr'>Alconis</span> <span class='ocrx_word' id='word_1_195' title='bbox 461 2595 602 2642; x_wconf 88' lang='lat' dir='ltr'>habes</span> <span class='ocrx_word' id='word_1_196' title='bbox 628 2595 788 2642; x_wconf 89' lang='lat' dir='ltr'>laudes</span> <span class='ocrx_word' id='word_1_197' title='bbox 816 2608 896 2642; x_wconf 89' lang='lat' dir='ltr'>aut</span> <span class='ocrx_word' id='word_1_198' title='bbox 921 2595 1071 2656; x_wconf 87' lang='lat' dir='ltr'>iurgia</span> <span class='ocrx_word' id='word_1_199' title='bbox 1100 2594 1264 2641; x_wconf 87' lang='lat' dir='ltr'>Codri.</span> <span class='ocrx_word' id='word_1_200' title='bbox 1534 2616 1571 2637; x_wconf 90' lang='lat'>11</span> 
     </span>
     <span class='ocr_line' id='line_1_33' title="bbox 135 2659 1276 2724; baseline 0.002 -19"><span class='ocrx_word' id='word_1_201' title='bbox 135 2659 295 2722; x_wconf 90' lang='lat' dir='ltr'>incipe</span> <span class='ocrx_word' id='word_1_202' title='bbox 319 2681 332 2716; x_wconf 93' lang='lat'>;</span> <span class='ocrx_word' id='word_1_203' title='bbox 366 2675 612 2723; x_wconf 89' lang='lat' dir='ltr'>pascentes</span> <span class='ocrx_word' id='word_1_204' title='bbox 638 2662 840 2709; x_wconf 88' lang='lat' dir='ltr'>servabit</span> <span class='ocrx_word' id='word_1_205' title='bbox 867 2662 1063 2724; x_wconf 88' lang='lat' dir='ltr'>Tityrus</span> <span class='ocrx_word' id='word_1_206' title='bbox 1088 2662 1276 2708; x_wconf 75' lang='lat' dir='ltr'>haedos,</span> 
     </span>
     <span class='ocr_line' id='line_1_34' title="bbox 209 2725 1536 2791; baseline -0.001 -19"><span class='ocrx_word' id='word_1_207' title='bbox 209 2727 305 2774; x_wconf 83' lang='lat' dir='ltr'>Mo.</span> <span class='ocrx_word' id='word_1_208' title='bbox 341 2727 489 2774; x_wconf 88' lang='lat' dir='ltr'>immo</span> <span class='ocrx_word' id='word_1_209' title='bbox 512 2730 646 2786; x_wconf 89' lang='lat' dir='ltr'>haec,</span> <span class='ocrx_word' id='word_1_210' title='bbox 673 2729 723 2775; x_wconf 92' lang='lat' dir='ltr'>in</span> <span class='ocrx_word' id='word_1_211' title='bbox 749 2729 887 2775; x_wconf 89' lang='lat' dir='ltr'>viridi</span> <span class='ocrx_word' id='word_1_212' title='bbox 915 2745 1067 2791; x_wconf 90' lang='lat' dir='ltr'>nuper</span> <span class='ocrx_word' id='word_1_213' title='bbox 1093 2745 1212 2791; x_wconf 88' lang='lat' dir='ltr'>quae</span> <span class='ocrx_word' id='word_1_214' title='bbox 1240 2726 1415 2774; x_wconf 89' lang='lat' dir='ltr'>cortice</span> <span class='ocrx_word' id='word_1_215' title='bbox 1443 2725 1536 2787; x_wconf 86' lang='lat' dir='ltr'>fagi</span> 
     </span>
     <span class='ocr_line' id='line_1_35' title="bbox 368 2805 1267 2856; baseline 0.001 -14"><span class='ocrx_word' id='word_1_216' title='bbox 368 2814 415 2854; x_wconf 84' lang='lat'>52</span> <span class='ocrx_word' id='word_1_217' title='bbox 446 2807 645 2845; x_wconf 86' lang='lat' dir='ltr'>laetentur.</span> <span class='ocrx_word' id='word_1_218' title='bbox 758 2816 804 2856; x_wconf 84' lang='lat'>53</span> <span class='ocrx_word' id='word_1_219' title='bbox 836 2814 934 2845; x_wconf 89' lang='lat' dir='ltr'>tum.</span> <span class='ocrx_word' id='word_1_220' title='bbox 1049 2815 1068 2856; x_wconf 82' lang='grc'><em>5</em></span> <span class='ocrx_word' id='word_1_221' title='bbox 1076 2815 1095 2855; x_wconf 83' lang='grc'><strong><em>5</em></strong></span> <span class='ocrx_word' id='word_1_222' title='bbox 1129 2805 1267 2843; x_wconf 87' lang='lat' dir='ltr'>vincet.</span> 
     </span>
    </p>
   </div>
  </div>
 </body>
</html>
