1861 3256
600 256 877 297 AENEIDOS
907 256 1011 296 LIB.
1040 255 1104 295 III
1525 270 1594 306 141

151 377 199 413 et
224 365 324 413 nati
351 377 569 412 natorum
596 376 643 411 et
669 364 750 427 qui
777 378 1033 412 nascentur
1059 364 1114 411 ab
1140 363 1268 411 illis.'

150 433 267 480 haec
297 432 512 479 Phoebus
535 451 550 488 3
586 430 831 494 mixtoque
857 431 1025 493 ingens
1055 444 1216 478 exorta
1243 430 1456 477 tumultu

151 499 344 557 laetitia,
372 511 418 545 et
444 497 607 545 cuncti
635 514 753 561 quae
780 497 873 544 sint
901 516 953 544 ea
978 498 1168 545 moenia
1195 510 1446 562 quaerunt,
1535 523 1599 544 100

151 583 244 630 quo
273 566 492 613 Phoebus
517 577 658 611 vocet
685 577 894 611 errantes
921 565 1179 629 iubeatque
1206 565 1396 612 reverti.

153 645 256 679 tum
280 632 483 694 genitor,
509 644 727 678 veterum
752 632 952 678 volvens
978 633 1279 679 monimenta
1304 632 1530 690 virorum,

119 703 132 725 ‘
151 699 328 758 audite,
355 717 383 746 o
407 696 657 762 procereS,'
682 698 763 756 ait,
793 702 806 722 ‘
824 711 871 744 et
897 715 1000 761 spes
1028 699 1197 746 discite
1224 712 1415 746 vestras.

152 766 299 814 Creta
325 766 450 813 Iovis
476 764 635 827 magni
661 764 822 811 medio
849 764 975 812 iacet
1000 765 1156 813 insula
1182 779 1348 829 ponto,

150 849 287 880 mons
313 834 482 880 Idaeus
508 832 589 879 ubi
618 845 664 878 et
689 831 844 893 gentis
873 833 1112 879 cunabula
1139 847 1342 880 nostrae.

150 913 348 947 centum
375 901 511 946 urbes
537 899 759 946 habitant
786 916 994 960 magnaS,
1024 900 1261 947 uberrima
1289 917 1462 961 regna3

149 967 382 1014 maximus
409 967 538 1013 unde
562 979 713 1030 pater,
741 966 777 1012 si
805 966 896 1013 rite
924 966 1085 1013 audita
1111 968 1349 1025 recordor,

150 1034 369 1080 Teucrus
397 1034 636 1080 Rhoeteas
663 1033 874 1096 primum
904 1046 973 1080 est
998 1033 1225 1081 advectus
1249 1034 1305 1080 ad
1327 1051 1428 1080 oras

149 1100 427 1164 optavitque
454 1101 614 1147 locum
642 1118 807 1162 regno.
880 1100 1098 1147 nondum
1124 1101 1271 1147 Ilium
1299 1113 1346 1146 et
1371 1116 1496 1146 arces

150 1167 436 1229 Pergameae
461 1181 727 1223 steterant3
762 1167 1048 1215 habitabant
1073 1167 1275 1214 vallibus
1301 1167 1423 1214 imis.
1539 1191 1601 1212 110

147 1234 264 1281 hinc
292 1235 455 1282 Mater
480 1234 658 1282 cultrix
688 1235 864 1297 Cybeli
894 1234 1285 1298 Corybantiaque
1312 1251 1418 1280 aera

149 1302 445 1365 Idaeumque
473 1318 673 1357 nemus3
711 1303 824 1349 hinc
853 1302 945 1348 fida
972 1301 1161 1348 silentia
1187 1301 1342 1359 sacris,

151 1381 198 1415 et
224 1369 376 1416 iuncti
403 1386 594 1416 currum
622 1369 848 1416 dominae
875 1368 1062 1416 subiere
1088 1369 1267 1416 leones.

152 1452 260 1497 ergo
287 1435 426 1497 agite,
455 1448 516 1494 et,
544 1436 705 1482 divom
732 1436 918 1482 ducunt
944 1453 1034 1499 qua
1060 1435 1194 1494 iussa,
1222 1452 1503 1498 sequamur3

149 1503 394 1565 placemus
420 1516 588 1549 ventos
617 1516 664 1550 et
692 1503 876 1549 Gnosia
904 1519 1047 1564 regna
1071 1516 1305 1565 petamus

151 1587 241 1616 nec
268 1569 411 1631 longo
438 1570 617 1616 distant
644 1587 812 1617 cursu:
849 1569 992 1616 modo
1019 1569 1240 1632 Iuppiter
1265 1569 1401 1627 adsit,

152 1636 290 1683 tertia
316 1637 399 1683 lux
425 1637 623 1683 classem
652 1635 868 1684 Cretaeis
895 1636 1027 1682 sistet
1051 1636 1101 1681 in
1128 1635 1252 1682 oris.'

151 1703 216 1750 sic
243 1703 366 1750 fatus
392 1703 588 1749 meritos
614 1703 703 1749 aris
730 1703 959 1749 mactavit
983 1704 1203 1760 honores,

152 1782 340 1817 taurum
365 1770 617 1832 Neptuno,
644 1782 834 1816 taurum
862 1768 965 1827 tibi,
991 1769 1196 1832 pulcher
1220 1769 1417 1832 Apollo,

150 1837 334 1898 nigram
355 1836 524 1883 Hiemi
543 1836 797 1900 pecudem,
821 1836 1061 1899 Zephyris
1081 1836 1304 1883 felicibus
1327 1837 1501 1885 albam.
1536 1861 1598 1882 120

217 1904 342 1951 fama
366 1903 496 1950 volat
520 1904 712 1967 pulsum
739 1902 894 1965 regnis
921 1903 1111 1950 cessisse
1136 1904 1345 1967 paternis

150 1971 413 2017 Idomenea
439 1970 627 2029 ducem,
655 1970 937 2034 desertaque
964 1970 1104 2017 litora
1131 1971 1324 2029 Cretae,

149 2039 285 2084 hoste
310 2055 477 2084 vacare
503 2037 686 2097 domos,
713 2038 942 2102 sedesque
969 2037 1154 2084 adstare
1180 2038 1386 2085 relictas.

150 2104 415 2168 linquimus
443 2105 673 2167 Ortygiae
697 2118 861 2168 portus
886 2105 1152 2168 pelagoque
1177 2106 1411 2162 volamus,

149 2171 564 2235 bacchatamque
554 2172 671 2233 lugis
698 2171 876 2218 Naxon
902 2171 1202 2235 viridemque
1228 2172 1493 2230 Donusam,

152 2239 367 2285 Olearon
393 2238 680 2302 niveamque
709 2238 861 2284 Paron
888 2256 1160 2302 sparsasque
1185 2256 1271 2302 per
1296 2256 1473 2302 aequor

153 2305 389 2368 Cycladas
416 2318 463 2353 et
488 2305 662 2352 crebris
689 2305 890 2366 legimus
916 2306 1037 2352 freta
1064 2306 1255 2353 concita
1282 2306 1431 2353 terris.

154 2372 370 2420 nauticus
395 2372 605 2420 exoritur
629 2372 758 2420 vario
784 2372 1049 2420 certamine
1075 2373 1285 2430 clamor;

154 2439 405 2487 hortantur
430 2440 544 2487 socii
573 2440 768 2488 Cretam
793 2457 1089 2503 proavosque
1114 2452 1346 2503 petamus.

156 2506 454 2569 prosequitur
479 2524 670 2568 surgens
697 2525 722 2554 a
746 2507 896 2570 puppi
921 2519 1093 2553 ventus
1122 2520 1304 2565 euntes,
1535 2531 1598 2561 130

159 2583 206 2617 et
231 2573 423 2620 tandem
448 2574 656 2637 antiquis
683 2574 919 2621 Curetum
945 2574 1212 2621 adlabimur
1237 2574 1343 2620 oris.

158 2653 266 2698 ergo
292 2638 452 2686 avidus
477 2657 634 2688 muros
661 2654 852 2704 optatae
878 2641 1050 2688 molior
1075 2641 1202 2688 urbis

160 2704 556 2769 Pergameamque
581 2724 716 2765 voco,
745 2720 792 2754 et
816 2708 992 2754 laetam
1018 2707 1307 2769 cognomine
1331 2718 1526 2767 gentem

541 2795 610 2821 111
644 2785 820 2835 Cybelae.
880 2796 952 2833 127
985 2784 1142 2823 consita.
