1861 3256
575 249 850 288 AENEIDOS
881 249 984 288 LIB.
1012 249 1033 287 I

131 358 384 404 ominibus.
455 356 534 403 sed
558 372 700 416 regna
727 356 845 417 Tyri
871 373 1117 417 germanus
1142 356 1343 404 habebat

132 425 422 487 Pygmalion,
449 423 623 470 scelere
651 436 758 469 ante
785 423 897 469 alios
923 424 1156 470 inmanior
1181 441 1360 470 omnes.

129 510 243 555 quos
268 492 392 538 inter
416 490 596 537 medius
623 489 754 536 venit
779 491 924 537 furor.
996 491 1077 538 ille
1105 492 1368 553 Sychaeum

128 559 284 621 inpius
312 573 418 605 ante
437 575 539 605 -aras
565 558 703 621 atque
730 558 827 603 auri
854 574 1019 604 caecus
1045 575 1200 604 amore

128 627 250 672 clam
277 627 397 672 ferro
423 625 669 672 incautum
696 639 897 687 superat,
925 642 1110 671 securus
1138 642 1352 672 amorum

127 710 375 754 germanae
397 712 411 747 ;
447 693 721 755 factumque
748 691 828 738 diu
857 692 1041 748 celavit,
1071 706 1116 738 et
1142 709 1326 754 aegram

127 761 276 806 multa
301 761 451 806 malus
476 760 698 806 simulans
724 776 843 805 vana
868 776 946 821 spe
973 759 1083 805 lusit
1109 773 1361 806 amantem.

127 826 224 888 ipsa
249 827 326 873 sed
352 827 400 872 in
430 827 601 873 somnis
628 826 861 873 inhumati
888 826 1021 872 venit
1046 826 1200 887 imago

127 893 353 954 coniugis,
381 911 459 940 ora
484 894 631 939 modis
658 894 876 940 attollens
903 893 1076 956 pallida
1101 894 1229 940 miris
1254 915 1267 950 ;

127 961 339 1007 crudeles
367 979 459 1007 aras
487 961 772 1025 traiectaque
799 974 989 1023 pectora
1014 962 1136 1007 ferro

127 1028 338 1084 nudavit,
365 1045 654 1091 caecumque
681 1028 846 1074 domus
874 1028 1024 1075 scelus
1049 1045 1189 1074 omne
1215 1026 1402 1074 retexit.

127 1108 228 1141 tum
256 1095 460 1141 celerare
486 1095 645 1156 fugam
671 1095 913 1159 patriaque
941 1096 1169 1142 excedere
1195 1095 1373 1151 suadet,

127 1161 450 1226 auxiliumque
476 1162 576 1208 viae
602 1176 780 1209 veteres
808 1163 977 1209 tellure
1003 1162 1208 1209 recludit

127 1231 382 1286 thesauros,
407 1229 625 1290 ignotum
652 1230 833 1292 argenti
860 1230 1042 1292 pondus
1070 1243 1116 1276 et
1142 1228 1255 1291 auri.

127 1296 197 1342 his
224 1310 461 1343 commota
487 1297 646 1358 fugam
671 1297 799 1344 Dido
827 1297 1067 1360 sociosque
1094 1297 1296 1359 parabat.

128 1364 437 1419 conveniunt,
466 1364 635 1427 quibus
661 1379 740 1411 aut
767 1364 928 1411 odium
956 1365 1149 1411 crudele
1176 1362 1363 1426 tyranni

128 1443 207 1476 aut
233 1445 386 1477 metus
412 1447 518 1477 acer
545 1446 643 1478 erat
666 1452 679 1487 ;
717 1449 871 1488 naves,
901 1449 1018 1496 quae
1045 1432 1164 1478 forte
1191 1445 1392 1494 paratae,

128 1498 390 1560 corripiunt
416 1513 710 1562 onerantque
738 1516 864 1546 auro.
935 1512 1182 1562 portantur
1208 1498 1328 1544 avari

130 1564 447 1626 Pygmalionis
475 1583 583 1627 opes
610 1566 774 1629 pelago
797 1587 810 1622 3
848 1566 945 1612 dux
971 1566 1149 1612 femina
1175 1565 1302 1611 facti.

127 1632 361 1678 devenere
387 1632 528 1688 locos,
558 1632 638 1678 ubi
664 1650 793 1679 nunc
821 1633 1032 1693 ingentia
1057 1632 1208 1678 cernis

127 1698 315 1745 moenia
341 1713 704 1762 surgentemque
731 1716 880 1745 novae
907 1698 1206 1760 Karthaginis
1234 1715 1406 1755 arcem,

127 1766 416 1829 mercatique
444 1767 612 1823 solum,
639 1766 751 1813 facti
778 1766 834 1812 de
861 1766 1056 1812 nomine
1084 1766 1290 1828 Byrsam,

127 1834 312 1880 taurino
338 1847 569 1897 quantum
596 1847 785 1896 possent
811 1834 1106 1881 circumdare
1134 1847 1280 1895 tergo.

127 1901 207 1947 sed
232 1918 311 1947 vos
337 1900 417 1964 qui
444 1901 654 1987 tandem,
681 1901 851 1965 quibus
879 1915 957 1948 aut
983 1901 1174 1948 venistis
1200 1901 1258 1947 ab
1283 1900 1390 1956 oris,

126 1986 277 2032 quove
305 1969 476 2015 tenetis
502 1968 620 2015 iter.
614 1972 626 2003 Ρ
694 1969 939 2032 quaerenti
965 1969 1136 2016 talibus
1163 1968 1245 2015 ille

126 2035 356 2098 suspirans
383 2036 573 2112 imoque
602 2037 790 2082 trahens
816 2054 841 2082 a
867 2050 1060 2099 pectore
1085 2053 1287 2083 vocem:

196 2108 251 2149 ‘o
276 2103 378 2160 dea,
404 2104 439 2150 si
465 2103 616 2165 prima
641 2117 860 2166 repetens
889 2104 944 2150 ab
970 2103 1151 2164 origine
1177 2119 1383 2165 pergam,

127 2183 173 2217 et
198 2185 332 2218 vacet
358 2172 548 2218 annales
576 2185 842 2217 nostrorum
873 2170 1032 2217 audire
1059 2171 1287 2225 laborum,

127 2251 235 2285 ante
261 2238 387 2285 diem
414 2239 572 2286 clauso
599 2252 856 2300 componet
886 2238 1069 2301 Vesper
1096 2237 1325 2299 OlympO.

128 2321 208 2351 nos
236 2305 383 2353 Troia
409 2306 614 2369 antiqua,
643 2305 677 2352 si
704 2320 875 2352 vestras
905 2305 1025 2352 forte
1051 2323 1133 2367 per
1159 2321 1289 2351 aures

129 2371 302 2419 Troiae
329 2390 505 2420 nomen
532 2374 600 2429 iit,
628 2373 808 2419 diversa
835 2390 918 2436 per
944 2390 1145 2436 aequora
1169 2385 1330 2419 vectos

129 2438 248 2485 forte
273 2457 352 2486 sua
378 2441 570 2503 Libycis
597 2454 845 2504 tempestas
875 2441 1057 2503 appulit
1083 2440 1186 2487 oris.

130 2521 231 2550 sum
257 2506 358 2567 pius
383 2509 583 2563 Aeneas,
611 2524 764 2571 raptos
791 2508 871 2572 qui
900 2525 957 2554 ex
984 2509 1118 2555 hoste
1146 2508 1344 2554 Penates

131 2571 273 2618 classe
298 2575 419 2620 veho
443 2592 651 2651 mecum,
678 2576 802 2622 fama
828 2593 967 2639 super
993 2577 1182 2622 aethera
1206 2587 1362 2621 notus·

132 2637 316 2685 Italiam
342 2658 511 2703 quaero
536 2643 733 2704 patriam
761 2656 807 2690 et
833 2659 981 2704 genus
1009 2643 1065 2690 ab
1093 2644 1206 2689 Iove
1236 2656 1436 2688 summo.

130 2703 198 2750 bis
225 2705 357 2752 denis
384 2707 641 2769 Phrygium
667 2710 925 2757 conscendi
953 2710 1153 2756 navibus
1181 2725 1366 2771 aequor,

470 2789 542 2839 365
574 2803 714 2828 cernes.
829 2801 905 2840 374
936 2796 1155 2840 componat.

1494 260 1565 298 103

1506 648 1567 679 350

1510 1991 1571 2021 370

1509 2652 1570 2692 380
