1866 3208
512 209 786 247 AENEIDOS
816 210 919 248 LIB.
949 210 1055 247 VIII
1453 222 1531 262 259

97 332 144 367 at
169 319 304 366 furiis
332 317 448 365 Caci
474 333 609 362 mens
637 316 793 374 effera,
821 334 883 363 ne
910 317 1025 380 quid
1050 317 1271 363 inausum

97 400 178 433 aut
203 387 512 432 intractatum
538 383 787 429 scelerisve
814 384 973 430 dolive
1000 384 1182 443 fuisset,

95 466 320 516 quattuor
345 469 370 497 a
395 449 589 497 stabulis
615 450 876 512 praestanti
905 468 1103 513 corpore
1129 465 1284 498 tauros

95 519 280 576 avertit,
308 518 511 578 totidem
536 517 689 563 forma
717 531 971 579 superante
998 518 1253 565 iuvencas:

92 600 234 649 atque
258 586 357 643 hos,
385 602 446 631 ne
473 601 565 647 qua
591 584 750 630 forent
775 584 976 646 pedibus
1004 585 1200 646 vestigia
1225 585 1382 644 rectis,

91 653 239 700 cauda
264 652 314 698 in
341 651 619 714 speluncam
647 664 820 698 tractos
847 651 1088 714 versisque
1115 652 1298 699 viarum
1472 677 1534 697 210

89 719 278 766 indiciis
305 732 460 781 raptos
487 735 597 764 saxo
624 718 900 765 occultabat
926 736 1093 780 opaco,

89 786 337 850 quaerenti
364 786 498 832 nulla
525 785 584 832 ad
608 785 889 847 speluncam
918 785 1048 846 signa
1075 787 1307 833 ferebant.

88 854 287 911 interea,
315 870 427 900 cum
452 852 547 899 iam
573 852 769 898 stabulis
798 865 1004 898 saturata
1031 866 1246 899 moveret

87 919 547 983 Amphitryoniades
573 933 789 966 armenta
817 919 1100 983 abitumque
1125 933 1326 983 pararet,

87 988 294 1035 discessu
320 987 502 1048 mugire
528 987 687 1045 boves,
717 999 861 1050 atque
890 1004 1034 1033 omne
1062 987 1289 1050 querellis

87 1055 260 1117 inpleri
287 1072 472 1112 nemuS,
500 1067 548 1101 et
574 1055 720 1101 colles
747 1055 956 1101 clamore
983 1054 1210 1117 relinqui.

87 1122 296 1168 reddidit
322 1139 416 1168 una
442 1122 588 1169 boum
613 1138 781 1168 vocem
807 1136 1033 1184 vastoque
1060 1121 1146 1168 sub
1171 1134 1307 1168 antro

16 1211 23 1215 ·
87 1188 258 1251 mugiit
285 1202 332 1236 et
359 1189 475 1236 Caci
503 1206 634 1252 spem
661 1188 900 1235 custodita
926 1189 1119 1236 fefellit.

86 1256 166 1303 hic
192 1273 305 1303 vero
329 1256 530 1303 Alcidae
558 1256 692 1302 furiis
722 1270 958 1303 exarserat
983 1269 1086 1303 atro

87 1321 202 1370 felle
230 1323 394 1380 dol0r3
431 1323 554 1386 rapit
580 1341 706 1370 arma
733 1341 879 1370 manu
908 1323 1142 1386 nodisque
1168 1335 1413 1384 gravatum
1471 1348 1531 1368 220

86 1391 245 1448 robur,
274 1404 320 1438 et
346 1390 455 1437 aerii
483 1407 620 1437 cursu
648 1391 771 1453 petit
799 1391 943 1436 ardua
968 1390 1160 1437 montis.

87 1470 191 1504 tum
216 1457 424 1520 primum
451 1458 598 1503 nostri
628 1458 813 1505 Cacum
840 1458 1003 1504 videre
1031 1457 1286 1504 timentem

88 1525 428 1588 turbatumque
454 1525 638 1581 oculis;
676 1525 797 1585 fugit
824 1524 958 1571 ilicet
983 1525 1113 1571 ocior
1138 1525 1265 1570 Euro

86 1592 463 1655 speluncamque
487 1592 641 1655 petit3
678 1592 884 1655 pedibus
912 1591 1055 1638 timor
1081 1591 1266 1637 addidit
1291 1591 1402 1637 alas,

86 1673 139 1705 ut
165 1677 262 1706 sese
288 1659 498 1717 inclusit,
524 1659 772 1722 ruptisque
799 1659 994 1704 inmane
1021 1658 1201 1705 catenis

85 1725 264 1773 deiecit
289 1743 467 1783 saxum,
496 1726 618 1772 ferro
646 1726 775 1789 quod
805 1739 851 1772 et
877 1740 977 1772 arte
1002 1739 1201 1788 paterna

83 1793 341 1856 pendebat,
368 1794 610 1856 fultosque
640 1793 846 1840 emuniit
873 1793 1010 1839 obice
1035 1806 1209 1855 postes,

85 1877 197 1907 ecce
223 1860 386 1907 furens
413 1859 583 1907 animis
610 1860 772 1907 aderat
800 1860 1106 1922 Tirynthius,
1133 1877 1425 1924 omnemque

84 1945 324 1975 accessum
350 1928 551 1974 lustrans
578 1929 673 1974 huc
701 1945 780 1974 ora
807 1928 992 1974 ferebat
1019 1941 1066 1974 et
1091 1928 1224 1986 illuc,

84 1994 307 2041 dentibus
333 1995 630 2042 infrendens.
705 2008 777 2042 ter
803 2009 956 2042 totum
982 1995 1193 2041 fervidus
1219 1995 1287 2041 ira
1466 2020 1526 2049 230

83 2062 250 2108 lustrat
273 2061 509 2107 Aventini
536 2075 786 2119 montem3
825 2075 896 2108 ter
921 2079 1058 2108 saxea
1085 2075 1289 2123 temptat

83 2128 252 2174 limina
278 2128 602 2191 nequiquam3
640 2142 711 2176 ter
737 2129 886 2175 fessus
912 2129 1035 2175 valle
1061 2129 1251 2175 resedit.

81 2196 234 2242 stabat
260 2210 397 2242 acuta
428 2196 563 2254 silex,
590 2197 813 2259 praecisis
842 2196 1056 2259 undique
1084 2196 1203 2242 saxis

82 2263 338 2324 speluncae
365 2264 502 2309 dorso
529 2264 791 2326 insurgens,
821 2263 1047 2310 altissima
1071 2263 1189 2321 visu,

81 2329 290 2377 dirarum
315 2330 439 2377 nidis
465 2331 631 2378 domus
659 2345 929 2394 opportuna
956 2331 1222 2378 volucrum.

25 2419 30 2426 ·
82 2397 222 2454 hanc,
249 2411 301 2445 ut
325 2415 476 2460 prona
502 2398 612 2460 iugo
631 2399 831 2445 laevum
858 2398 1172 2444 incumbebat
1197 2398 1257 2444 ad
1282 2414 1474 2444 amnem

83 2462 250 2510 dexter
273 2464 324 2511 in
349 2465 599 2513 adversum
626 2466 785 2513 nitens
814 2465 1068 2524 concussit,
1097 2479 1143 2512 et
1168 2464 1275 2511 imis

84 2529 294 2577 avulsam
319 2533 457 2579 solvit
482 2533 751 2590 radicibus3
789 2533 902 2580 inde
929 2546 1128 2596 repente

81 2595 291 2658 inpulit3
327 2597 518 2660 inpulsu
545 2618 639 2662 quo
665 2600 901 2647 maximus
929 2600 1121 2646 intonat
1147 2601 1327 2657 aether,

82 2662 336 2710 dissultant
360 2665 505 2727 ripae,
531 2667 784 2729 refluitque
813 2670 1064 2713 exterritus
1092 2666 1258 2712 amnis.
1461 2688 1521 2717 240

69 2755 152 2781 212
183 2752 414 2793 quaerentes.
528 2758 601 2784 221
635 2747 803 2786 aetherii.
916 2759 994 2796 223
1029 2747 1147 2785 oculi.
1254 2754 1331 2792 239
1363 2743 1528 2782 insonat.
