1866 3208
301 216 377 256 320
747 207 792 245 P.
822 205 1057 244 VERGILI
1087 206 1347 245 MARONIS

364 311 586 359 sternitur
610 311 778 358 infelix
804 311 958 358 alieno
983 312 1194 370 vulnere,
1218 313 1500 388 caelumque

365 379 543 453 aspicit,
572 391 618 434 et
623 378 804 438 dulces
783 378 1079 454 moriens
1061 379 1378 437 reminiscitur
1401 381 1565 448 &fg-„S-

365 459 466 493 tum
492 445 596 506 pius
621 431 804 491 Aeneas
829 445 1046 492 hastam
1035 446 1182 493 lacit·
1170 483 1183 503 ‚
1220 446 1300 492 illa
1323 463 1408 509 per
1433 447 1596 494 orbem

365 528 468 558 aere
494 527 661 557 cavum
688 511 882 572 triplici,
907 528 989 586 per
1015 512 1138 559 linea
1164 527 1307 574 terga,
1336 513 1572 577 tribusque

367 578 548 625 transiit
574 577 812 624 intextum
840 578 980 624 tauris
1004 596 1136 641 opus,
1162 580 1346 642 imaque
1373 580 1491 626 sedit

365 644 596 704 inguine·
583 680 597 698 ,
635 644 714 690 sed
740 645 856 690 vires
884 646 1007 691 haud
1033 647 1242 708 pertulit.
1313 646 1442 693 ocius
1469 663 1630 694 ensem

363 712 561 767 Aeneas,
586 711 684 757 viso
710 711 951 772 Tyrrheni
979 713 1203 772 sanguine
1230 714 1391 770 laetus,

366 777 505 840 eripit
529 795 553 823 a
578 778 755 824 femine
783 792 828 825 et
854 778 1106 840 trepidanti
1134 779 1337 826 fervidus
1363 780 1519 827 instat.

364 844 598 905 ingemuit
624 844 716 891 cari
743 845 944 905 graviter
970 846 1194 906 genitoris
1220 863 1387 903 amore,

368 924 420 957 ut
444 911 577 967 vidit,
603 912 779 957 Lausus
803 933 816 968 ;
854 912 1170 975 lacrimaeque
1196 930 1278 975 per
1303 929 1380 959 ora
1405 914 1607 960 volutae.
1740 937 1802 968 790

365 977 444 1024 hic
470 977 630 1023 mortis
655 978 796 1024 durae
823 995 980 1024 casum
1008 992 1179 1042 tuaque
1206 980 1381 1041 optima
1406 980 1541 1035 facta,

367 1044 401 1090 si
428 1061 520 1106 qua
546 1044 686 1090 fidem
712 1058 842 1090 tanto
868 1058 935 1091 est
961 1046 1088 1106 operi
1117 1046 1264 1093 latura
1287 1059 1503 1103 vetustas,

367 1128 462 1157 non
490 1111 727 1173 equidem,
753 1127 840 1157 nec
869 1124 931 1167 te,
956 1111 1138 1158 iuvenis
1165 1113 1484 1169 memorande,
1510 1113 1672 1160 sileb0.

367 1178 448 1223 ille
474 1177 642 1240 pedem
669 1178 874 1224 referens
902 1191 948 1224 et
973 1178 1156 1225 inutilis
1181 1179 1325 1242 inque
1351 1180 1516 1240 ligatus

368 1244 580 1300 cedebat,
606 1245 854 1307 clipeoque
881 1244 1133 1291 inimicum
1158 1246 1322 1292 hastile
1349 1246 1573 1293 trahebat.

369 1311 581 1373 prorupit
606 1312 787 1358 iuvenis
815 1328 1008 1374 seseque
1036 1311 1277 1358 inmiscuit
1303 1312 1472 1369 armis3

368 1378 555 1440 iamque
581 1378 869 1438 adsurgentis
895 1379 1059 1425 dextra
1085 1379 1362 1441 plagamque
1387 1379 1580 1425 ferentis

368 1445 559 1491 Aeneae
587 1445 727 1491 subiit
755 1463 1047 1501 mucronem,
1079 1446 1326 1508 ipsumque
1351 1445 1576 1492 morando

370 1511 589 1557 sustinuit
613 1532 626 1568 ;
662 1512 774 1558 socii
803 1529 972 1573 magno
1000 1513 1202 1559 clamore
1230 1526 1503 1575 sequuntur,

369 1579 484 1624 dum
510 1578 693 1638 genitor
719 1579 814 1624 nati
844 1596 1001 1640 parma
1028 1592 1264 1640 protectus
1291 1579 1436 1625 abiret
1459 1600 1472 1636 3
1744 1592 1806 1624 800

371 1645 556 1707 telaque
583 1646 844 1702 coniciunt,
873 1647 1243 1709 proturbantque
1270 1646 1452 1693 eminus
1477 1647 1659 1692 hostem

371 1711 637 1758 missilibus.
709 1712 819 1757 furit
846 1713 1042 1769 Aeneas,
1072 1726 1315 1775 tectusque
1342 1725 1471 1759 tenet
1495 1728 1557 1758 se.

372 1795 421 1824 ac
449 1779 576 1824 velut
603 1779 746 1824 effusa
771 1779 806 1824 si
835 1779 1022 1840 quando
1049 1779 1275 1839 grandine
1302 1778 1451 1824 nimbi

371 1845 696 1906 praecipitant,
726 1845 878 1891 omnis
908 1845 1082 1906 campis
1110 1845 1295 1906 diffugit
1321 1859 1489 1901 arator,

371 1911 523 1957 omnis
549 1925 594 1957 et
621 1911 837 1972 agricola,
865 1924 909 1958 et
938 1925 1038 1957 tuta
1063 1912 1176 1958 latet
1202 1928 1306 1958 arce
1332 1912 1497 1967 viator,

373 1991 452 2024 aut
477 1978 623 2024 amnis
651 1978 779 2040 ripis,
806 1992 885 2024 aut
914 1978 993 2024 alti
1024 1978 1202 2025 fornice
1229 1978 1342 2034 saxi,

372 2045 485 2090 dum
512 2044 632 2106 pluit
658 2045 706 2090 in
736 2045 884 2101 terris,
916 2059 966 2091 ut
992 2045 1170 2107 possint
1195 2045 1289 2092 sole
1314 2045 1512 2092 reducto

374 2128 591 2157 exercere
618 2111 746 2157 diem
772 2130 781 2157 :
821 2111 884 2158 sic
915 2111 1108 2158 obrutus
1135 2112 1345 2174 undique
1372 2111 1477 2158 telis

373 2179 559 2224 Aeneas
585 2179 762 2225 nubem
790 2178 921 2234 belli,
949 2179 1062 2224 dum
1089 2179 1282 2225 detonet
1307 2178 1478 2234 omnis,

375 2244 586 2301 sustinet,
615 2258 661 2291 et
687 2246 896 2292 Lausum
926 2245 1182 2306 increpitat
1208 2246 1452 2307 Lausoque
1478 2244 1686 2291 minatur
1709 2261 1719 2290 :
1745 2257 1807 2289 810

341 2316 353 2335 ‘
371 2328 464 2373 quo
489 2311 714 2357 moriture
741 2312 850 2369 ruis,
878 2311 1146 2374 maioraque
1173 2311 1347 2357 viribus
1373 2311 1547 2356 audes?

376 2376 498 2424 fallit
524 2391 568 2423 te
595 2378 840 2424 incautum
868 2378 1016 2440 pietas
1045 2375 1152 2424 tua.'
1222 2393 1309 2423 nec
1336 2376 1491 2422 minus
1516 2376 1597 2422 ille

376 2444 576 2490 exsultat
601 2444 810 2491 demens.
882 2461 1042 2490 saevae
1069 2444 1257 2506 iamque
1283 2443 1419 2490 altius
1446 2443 1538 2489 irae

377 2510 619 2558 Dardanio
644 2524 839 2571 surgunt
865 2510 1065 2567 ductori,
1093 2524 1393 2573 extremaque
1420 2510 1574 2556 Lauso

380 2578 552 2624 Parcae
579 2577 655 2623 fila
680 2578 846 2638 legunt
871 2596 880 2624 :
918 2577 1125 2623 validum
1152 2593 1354 2639 namque
1381 2576 1524 2637 exigit
1549 2591 1710 2622 ensem

379 2662 462 2707 per
487 2644 697 2691 medium
722 2645 905 2690 Aeneas
930 2643 1166 2701 iuvenem,
1192 2656 1440 2706 totumque
1467 2642 1696 2690 recondit.

573 2734 644 2772 791
679 2722 834 2772 optime.
945 2722 1020 2770 796
1051 2721 1245 2771 proripuit.
1357 2721 1430 2771 805
1462 2728 1554 2759 arte.
