1866 3208
569 241 845 279 AENEIDOS
876 241 979 280 LIB.
1010 243 1053 279 V
1514 253 1585 292 197

155 349 373 396 ardentes
399 349 510 395 dare
535 347 632 393 visa
658 347 784 393 faces
805 366 815 394 :
855 349 978 396 “hic
1005 348 1219 412 quaerite
1245 348 1294 394 T
1298 347 1478 403 roiam3

153 416 232 463 hic
259 416 426 462 domus
447 414 565 472 est‚''
586 413 760 476 inquit,
785 419 813 439 ‘⁴
829 416 1011 463 vobis.''
1071 416 1165 462 iam
1187 428 1373 477 tempus
1395 414 1465 474 agi
1486 431 1557 460 res
1577 435 1589 469 ;

154 500 244 530 nec
272 482 414 529 tantis
440 498 570 527 mora
594 481 837 556 prodigiis.
911 500 970 528 en
997 495 1223 546 quattuor
1248 499 1352 528 arae
1409 510 1411 514 ·

154 550 420 612 Neptuno:
457 548 611 594 deus
599 565 699 610 lpse
726 548 852 594 faces
879 550 1190 624 animumque
1216 548 1486 595 ministrat)
1530 563 1591 601 640

153 618 272 663 haec
298 632 566 662 memorans
591 614 744 677 prima
770 614 1015 662 infensum
1042 616 1087 661 vi
1116 616 1313 678 corripit
1339 615 1515 679 ignem,

154 684 435 746 sublataque
460 682 628 745 procul
662 682 828 728 dextra
855 682 1027 728 conixa
1055 696 1286 740 coruscat,

154 763 202 797 et
227 749 355 797 iacit.
428 762 638 796 arrectae
664 763 848 796 mentes
876 750 1239 812 stupefactaque
1267 750 1408 796 corda

153 816 379 864 Iliadum
450 816 529 863 hic
558 833 652 862 una
679 833 703 863 e
729 816 894 862 multis
921 833 1042 879 quae
1068 816 1274 862 maxima
1300 830 1432 874 natu,

154 884 322 946 Pyrgo,
350 896 421 930 tot
449 883 624 930 Priami
651 897 874 929 natorum
899 883 1025 944 regia
1053 883 1245 930 nutrix·

154 968 251 997 non
280 951 430 997 Beroe
455 950 604 1008 vobis,
632 967 730 996 non
756 952 874 996 haec
903 951 1157 1008 Rhoeteia,
1185 964 1373 1008 matres,

154 1031 224 1064 est
248 1017 449 1080 Dorycli
476 1016 720 1064 coniunx:
759 1017 911 1063 divini
939 1017 1069 1079 signa
1095 1018 1294 1075 decoris,

154 1084 470 1148 ardentesque
497 1096 661 1130 notate
688 1085 883 1141 oculos;
921 1085 1002 1148 qui
1030 1084 1220 1147 spiritus
1246 1084 1333 1141 illi,

153 1151 234 1215 qui
261 1152 436 1209 vultus,
462 1151 689 1214 vocisque
715 1169 872 1209 sonus,
899 1152 975 1198 vel
1003 1169 1182 1212 gressus
1211 1150 1362 1197 eunti.

154 1219 254 1282 ipsa
281 1232 468 1280 egomet
499 1218 683 1265 dudum
711 1219 895 1265 Beroen
924 1219 1128 1279 digressa
1153 1217 1326 1280 reliqui
1533 1231 1594 1268 550

154 1302 355 1347 aegram,
382 1285 734 1346 indignantem,
762 1285 846 1332 tali
873 1286 1002 1348 quod
1028 1286 1125 1332 sola
1151 1297 1332 1332 careret

153 1369 368 1410 munere,
396 1369 485 1399 nec
512 1352 705 1399 meritos
730 1352 971 1400 Anchisae
997 1352 1198 1399 inferret
1223 1350 1461 1398 honores.’

152 1421 271 1467 haec
299 1420 454 1467 effata.

155 1500 202 1533 at
227 1501 398 1534 matres
423 1485 579 1549 primo
607 1486 841 1550 ancipites
867 1487 1113 1550 oculisque
1141 1485 1362 1546 malignis

155 1554 404 1614 ambiguae
432 1566 646 1616 spectare
673 1567 794 1600 rates
822 1553 1048 1600 miserum
1075 1554 1202 1599 inter
1228 1568 1436 1599 amorem
1608 1566 1646 1586 Ὗ

154 1620 415 1684 praesentis
444 1634 594 1667 terrae
620 1620 827 1684 fatisque
852 1621 1074 1668 vocantia
1100 1637 1260 1680 regna,

155 1704 266 1735 cum
293 1687 380 1734 dea
406 1704 453 1733 se
478 1687 669 1750 paribus
694 1705 780 1750 per
806 1687 994 1734 caelum
1021 1686 1214 1733 sustulit
1240 1686 1325 1732 alis

154 1754 498 1817 ingentemque
525 1753 635 1814 fuga
662 1754 814 1800 secuit
840 1754 925 1800 sub
956 1754 1163 1800 nubibus
1191 1770 1383 1800 arcum:

155 1834 259 1868 tum
283 1838 395 1868 vero
420 1820 655 1867 attonitae
682 1821 904 1867 monstris
931 1833 1160 1884 actaeque
1188 1820 1348 1867 furore

155 1888 478 1946 conclamant,
499 1887 790 1951 rapiuntque
811 1888 929 1934 focis
951 1887 1312 1951 penetralibus
1301 1904 1492 1948 lgnem3
1535 1901 1596 1932 660

156 1973 258 2019 pars
284 1955 493 2018 spoliant
519 1972 633 2013 aras,
662 1954 885 2001 frondem
911 1972 963 2002 ac
989 1955 1194 2016 virgulta
1221 1955 1444 2017 facesque

157 2022 423 2070 coniciunt.
495 2022 613 2069 furit
638 2021 843 2069 inmissis
871 2022 1122 2069 Vulcanus
1148 2022 1347 2068 habenis

158 2102 359 2136 transtra
384 2106 470 2153 per
496 2102 542 2136 et
568 2106 722 2136 remos
751 2102 798 2136 et
823 2089 973 2152 pictas
1001 2089 1157 2136 abiete
1182 2106 1383 2151 puppes.

158 2157 356 2204 nuntius
380 2156 621 2203 Anchisae
648 2156 707 2203 ad
733 2156 977 2203 tumulum
1003 2173 1276 2231 cuneosque
1304 2154 1477 2201 theatri

158 2224 374 2271 incensas
398 2224 580 2287 perfert
607 2241 748 2271 naves
775 2224 1020 2281 Eumelus,
1048 2236 1095 2270 et
1120 2222 1208 2286 ipsi

159 2291 421 2354 respiciunt
447 2305 597 2338 atram
623 2291 673 2337 in
700 2291 866 2338 nimbo
891 2291 1091 2337 volitare
1119 2290 1348 2336 favillam.

160 2357 336 2419 primus
363 2372 410 2405 et
434 2358 683 2416 AscaniUS,
712 2376 873 2405 cursus
903 2372 955 2404 ut
980 2358 1130 2404 laetus
1157 2371 1398 2420 equestres

161 2423 380 2483 ducebat,
407 2426 472 2473 sic
499 2443 607 2473 acer
633 2443 756 2489 equo
783 2426 971 2472 turbata
995 2424 1170 2500 petivit

163 2503 326 2549 castra,
353 2509 441 2539 nec
468 2493 710 2540 exanimes
735 2506 934 2555 possunt
960 2492 1168 2539 retinere
1195 2491 1421 2552 magistri.

131 2556 267 2619 ‘quis
287 2557 452 2604 furor
440 2573 527 2606 iste
548 2563 727 2607 novus?
762 2577 857 2623 quo
882 2577 1029 2617 nunc,
1052 2577 1147 2623 quo
1168 2558 1398 2615 tenditisss
1419 2554 1593 2619 inquit,

131 2626 146 2648 ‘
163 2624 258 2669 heu
283 2622 479 2671 miserae
505 2626 655 2673 cives
647 2630 662 2660 >
698 2643 795 2672 non
821 2626 1045 2673 hostem
1033 2626 1326 2688 inimicaque
1353 2637 1502 2670 castra
1535 2636 1595 2675 671

162 2688 405 2750 Argivom,
429 2705 602 2737 vestras
628 2710 730 2755 spes
758 2693 907 2740 uritis.
981 2710 1057 2750 en,
1085 2710 1170 2753 ego
1195 2705 1350 2738 vester

162 2756 394 2803 Ascanius
414 2756 422 2803 Ξ
439 2756 450 2776 ’
487 2758 668 2818 galeam
694 2773 805 2806 ante
829 2759 974 2822 pedes
1000 2758 1202 2822 proiecit
1227 2758 1438 2814 inanem,

1690 1926 1716 1946 *0
