<?xml version="1.0" encoding="UTF-8"?>
<!DOCTYPE html PUBLIC "-//W3C//DTD XHTML 1.0 Transitional//EN"
    "http://www.w3.org/TR/xhtml1/DTD/xhtml1-transitional.dtd">
<html xmlns="http://www.w3.org/1999/xhtml" xml:lang="en" lang="en">
 <head>
  <title>
</title>
<meta http-equiv="Content-Type" content="text/html;charset=utf-8" />
  <meta name='ocr-system' content='tesseract 3.04.00' />
  <meta name='ocr-capabilities' content='ocr_page ocr_carea ocr_par ocr_line ocrx_word'/>
</head>
<body>
  <div class='ocr_page' id='page_1' title='image "./operabucolicageo00virguoft_0382.png"; bbox 0 0 1866 3208; ppageno 0'>
   <div class='ocr_carea' id='block_1_1' title="bbox 242 241 1281 292">
    <p class='ocr_par' dir='ltr' id='par_1_1' title="bbox 242 241 1281 292">
     <span class='ocr_line' id='line_1_1' title="bbox 242 241 1281 292; baseline -0.001 -12"><span class='ocrx_word' id='word_1_1' title='bbox 242 242 315 292; x_wconf 84' lang='lat'>348</span> <span class='ocrx_word' id='word_1_2' title='bbox 688 242 732 280; x_wconf 87' lang='lat' dir='ltr'>P.</span> <span class='ocrx_word' id='word_1_3' title='bbox 762 241 994 280; x_wconf 86' lang='lat' dir='ltr'>VERGILI</span> <span class='ocrx_word' id='word_1_4' title='bbox 1024 242 1281 280; x_wconf 80' lang='lat' dir='ltr'>MARoNrs</span> 
     </span>
    </p>
   </div>
   <div class='ocr_carea' id='block_1_2' title="bbox 268 347 1728 2800">
    <p class='ocr_par' dir='ltr' id='par_1_2' title="bbox 268 347 1727 1008">
     <span class='ocr_line' id='line_1_2' title="bbox 306 347 1723 412; baseline 0.001 -17"><span class='ocrx_word' id='word_1_5' title='bbox 306 361 517 395; x_wconf 83' lang='lat' dir='ltr'>extrema</span> <span class='ocrx_word' id='word_1_6' title='bbox 536 348 630 394; x_wconf 91' lang='lat' dir='ltr'>iarn</span> <span class='ocrx_word' id='word_1_7' title='bbox 651 347 700 393; x_wconf 90' lang='lat' dir='ltr'>in</span> <span class='ocrx_word' id='word_1_8' title='bbox 721 360 870 394; x_wconf 88' lang='lat' dir='ltr'>morte</span> <span class='ocrx_word' id='word_1_9' title='bbox 894 368 908 404; x_wconf 91' lang='lat'>;</span> <span class='ocrx_word' id='word_1_10' title='bbox 945 364 1098 412; x_wconf 91' lang='lat' dir='ltr'>neque</span> <span class='ocrx_word' id='word_1_11' title='bbox 1118 350 1209 396; x_wconf 93' lang='lat' dir='ltr'>hoc</span> <span class='ocrx_word' id='word_1_12' title='bbox 1230 348 1330 394; x_wconf 91' lang='lat' dir='ltr'>sine</span> <span class='ocrx_word' id='word_1_13' title='bbox 1351 348 1545 395; x_wconf 86' lang='lat' dir='ltr'>nomine</span> <span class='ocrx_word' id='word_1_14' title='bbox 1571 348 1723 396; x_wconf 92' lang='lat' dir='ltr'>letum</span> 
     </span>
     <span class='ocr_line' id='line_1_3' title="bbox 304 413 1445 478; baseline 0.001 -17"><span class='ocrx_word' id='word_1_15' title='bbox 304 433 386 478; x_wconf 90' lang='lat' dir='ltr'>per</span> <span class='ocrx_word' id='word_1_16' title='bbox 409 428 570 475; x_wconf 87' lang='lat' dir='ltr'><strong>gentes</strong></span> <span class='ocrx_word' id='word_1_17' title='bbox 597 413 699 471; x_wconf 91' lang='lat' dir='ltr'>erit,</span> <span class='ocrx_word' id='word_1_18' title='bbox 727 427 806 460; x_wconf 90' lang='lat' dir='ltr'>aut</span> <span class='ocrx_word' id='word_1_19' title='bbox 832 414 1008 461; x_wconf 89' lang='lat' dir='ltr'>famam</span> <span class='ocrx_word' id='word_1_20' title='bbox 1031 414 1222 477; x_wconf 91' lang='lat' dir='ltr'>patieris</span> <span class='ocrx_word' id='word_1_21' title='bbox 1248 414 1445 462; x_wconf 83' lang='lat' dir='ltr'>inultae.</span> 
     </span>
     <span class='ocr_line' id='line_1_4' title="bbox 305 480 1547 543; baseline 0 -16"><span class='ocrx_word' id='word_1_22' title='bbox 305 498 414 528; x_wconf 90' lang='lat' dir='ltr'>nam</span> <span class='ocrx_word' id='word_1_23' title='bbox 440 480 732 543; x_wconf 86' lang='lat' dir='ltr'>quicumque</span> <span class='ocrx_word' id='word_1_24' title='bbox 760 492 895 526; x_wconf 91' lang='lat' dir='ltr'>tuum</span> <span class='ocrx_word' id='word_1_25' title='bbox 921 480 1115 528; x_wconf 89' lang='lat' dir='ltr'>violavit</span> <span class='ocrx_word' id='word_1_26' title='bbox 1138 482 1335 528; x_wconf 90' lang='lat' dir='ltr'>vulnere</span> <span class='ocrx_word' id='word_1_27' title='bbox 1361 498 1547 543; x_wconf 92' lang='lat' dir='ltr'>corpus,</span> 
     </span>
     <span class='ocr_line' id='line_1_5' title="bbox 304 545 1578 609; baseline 0 -15"><span class='ocrx_word' id='word_1_28' title='bbox 304 561 454 594; x_wconf 89' lang='lat' dir='ltr'>morte</span> <span class='ocrx_word' id='word_1_29' title='bbox 481 547 580 592; x_wconf 90' lang='lat' dir='ltr'>luet</span> <span class='ocrx_word' id='word_1_30' title='bbox 605 545 803 593; x_wconf 88' lang='lat' dir='ltr'>merita.’</span> <span class='ocrx_word' id='word_1_31' title='bbox 875 546 967 593; x_wconf 89' lang='lat' dir='ltr'>fuit</span> <span class='ocrx_word' id='word_1_32' title='bbox 991 547 1156 609; x_wconf 88' lang='lat' dir='ltr'>ingens</span> <span class='ocrx_word' id='word_1_33' title='bbox 1182 560 1346 594; x_wconf 89' lang='lat' dir='ltr'>monte</span> <span class='ocrx_word' id='word_1_34' title='bbox 1371 548 1455 594; x_wconf 91' lang='lat' dir='ltr'>sub</span> <span class='ocrx_word' id='word_1_35' title='bbox 1481 549 1578 594; x_wconf 91' lang='lat' dir='ltr'>alto</span> 
     </span>
     <span class='ocr_line' id='line_1_6' title="bbox 303 613 1727 675; baseline 0.001 -15"><span class='ocrx_word' id='word_1_36' title='bbox 303 613 419 674; x_wconf 89' lang='lat' dir='ltr'>regis</span> <span class='ocrx_word' id='word_1_37' title='bbox 445 613 690 659; x_wconf 86' lang='lat' dir='ltr'><strong>Dercenni</strong></span> <span class='ocrx_word' id='word_1_38' title='bbox 718 625 904 659; x_wconf 91' lang='lat' dir='ltr'>terreno</span> <span class='ocrx_word' id='word_1_39' title='bbox 930 630 986 660; x_wconf 83' lang='lat' dir='ltr'>ex</span> <span class='ocrx_word' id='word_1_40' title='bbox 1012 631 1175 675; x_wconf 87' lang='lat' dir='ltr'><strong>aggere</strong></span> <span class='ocrx_word' id='word_1_41' title='bbox 1202 615 1393 660; x_wconf 90' lang='lat' dir='ltr'>bustum</span> <span class='ocrx_word' id='word_1_42' title='bbox 1663 629 1727 668; x_wconf 85' lang='lat'>850</span> 
     </span>
     <span class='ocr_line' id='line_1_7' title="bbox 304 678 1411 742; baseline 0.001 -17"><span class='ocrx_word' id='word_1_43' title='bbox 304 679 488 742; x_wconf 88' lang='lat' dir='ltr'>antiqui</span> <span class='ocrx_word' id='word_1_44' title='bbox 516 678 766 725; x_wconf 89' lang='lat' dir='ltr'>Laurentis</span> <span class='ocrx_word' id='word_1_45' title='bbox 792 697 1031 742; x_wconf 89' lang='lat' dir='ltr'>opacaque</span> <span class='ocrx_word' id='word_1_46' title='bbox 1057 681 1165 727; x_wconf 86' lang='lat' dir='ltr'><strong>ilice</strong></span> <span class='ocrx_word' id='word_1_47' title='bbox 1192 693 1374 726; x_wconf 91' lang='lat' dir='ltr'>tectum</span> <span class='ocrx_word' id='word_1_48' title='bbox 1398 700 1411 736; x_wconf 93' lang='lat'>;</span> 
     </span>
     <span class='ocr_line' id='line_1_8' title="bbox 303 745 1460 809; baseline 0.001 -17"><span class='ocrx_word' id='word_1_49' title='bbox 303 746 381 792; x_wconf 89' lang='lat' dir='ltr'>hic</span> <span class='ocrx_word' id='word_1_50' title='bbox 407 746 495 792; x_wconf 90' lang='lat' dir='ltr'>dea</span> <span class='ocrx_word' id='word_1_51' title='bbox 519 763 566 792; x_wconf 91' lang='lat' dir='ltr'>se</span> <span class='ocrx_word' id='word_1_52' title='bbox 591 745 800 808; x_wconf 90' lang='lat' dir='ltr'>primum</span> <span class='ocrx_word' id='word_1_53' title='bbox 824 746 988 809; x_wconf 90' lang='lat' dir='ltr'>rapido</span> <span class='ocrx_word' id='word_1_54' title='bbox 1013 747 1329 809; x_wconf 91' lang='lat' dir='ltr'>pulcherrima</span> <span class='ocrx_word' id='word_1_55' title='bbox 1356 746 1460 794; x_wconf 86' lang='lat' dir='ltr'>nisu</span> 
     </span>
     <span class='ocr_line' id='line_1_9' title="bbox 304 812 1508 876; baseline 0.002 -18"><span class='ocrx_word' id='word_1_56' title='bbox 304 812 425 858; x_wconf 91' lang='lat' dir='ltr'>sistit</span> <span class='ocrx_word' id='word_1_57' title='bbox 452 825 499 858; x_wconf 93' lang='lat' dir='ltr'>et</span> <span class='ocrx_word' id='word_1_58' title='bbox 524 813 782 858; x_wconf 88' lang='lat' dir='ltr'>Arruntem</span> <span class='ocrx_word' id='word_1_59' title='bbox 810 813 996 859; x_wconf 90' lang='lat' dir='ltr'>tumulo</span> <span class='ocrx_word' id='word_1_60' title='bbox 1021 814 1292 876; x_wconf 88' lang='lat' dir='ltr'>speculatur</span> <span class='ocrx_word' id='word_1_61' title='bbox 1317 813 1374 859; x_wconf 89' lang='lat' dir='ltr'>ab</span> <span class='ocrx_word' id='word_1_62' title='bbox 1398 814 1508 860; x_wconf 89' lang='lat' dir='ltr'>alto.</span> 
     </span>
     <span class='ocr_line' id='line_1_10' title="bbox 304 879 1478 939; baseline 0.002 -15"><span class='ocrx_word' id='word_1_63' title='bbox 304 892 356 924; x_wconf 94' lang='lat' dir='ltr'>ut</span> <span class='ocrx_word' id='word_1_64' title='bbox 381 879 502 925; x_wconf 91' lang='lat' dir='ltr'>vidit</span> <span class='ocrx_word' id='word_1_65' title='bbox 525 879 789 939; x_wconf 84' lang='lat' dir='ltr'>fulgentem</span> <span class='ocrx_word' id='word_1_66' title='bbox 815 879 951 925; x_wconf 88' lang='lat' dir='ltr'>armis</span> <span class='ocrx_word' id='word_1_67' title='bbox 978 896 1028 926; x_wconf 90' lang='lat' dir='ltr'>ac</span> <span class='ocrx_word' id='word_1_68' title='bbox 1054 897 1171 926; x_wconf 90' lang='lat' dir='ltr'>vana</span> <span class='ocrx_word' id='word_1_69' title='bbox 1198 893 1478 938; x_wconf 89' lang='lat' dir='ltr'>tumentem,</span> 
     </span>
     <span class='ocr_line' id='line_1_11' title="bbox 268 945 1600 1020; baseline 0 -28"><span class='ocrx_word' id='word_1_70' title='bbox 268 952 281 971; x_wconf 89' lang='lat'>‘</span> <span class='ocrx_word' id='word_1_71' title='bbox 302 945 415 1002; x_wconf 89' lang='lat' dir='ltr'>cur,&#39;</span> <span class='ocrx_word' id='word_1_72' title='bbox 441 945 614 1020; x_wconf 88' lang='lat' dir='ltr'>inquit,</span> <span class='ocrx_word' id='word_1_73' title='bbox 641 945 876 991; x_wconf 89' lang='lat' dir='ltr'>‘diversus</span> <span class='ocrx_word' id='word_1_74' title='bbox 902 946 1028 992; x_wconf 89' lang='lat' dir='ltr'>abis</span> <span class='ocrx_word' id='word_1_75' title='bbox 1021 950 1035 982; x_wconf 70' lang='grc' dir='ltr'>Ρ</span> <span class='ocrx_word' id='word_1_76' title='bbox 1070 948 1163 993; x_wconf 90' lang='lat' dir='ltr'>huc</span> <span class='ocrx_word' id='word_1_77' title='bbox 1192 947 1350 1007; x_wconf 88' lang='lat' dir='ltr'>derige</span> <span class='ocrx_word' id='word_1_78' title='bbox 1375 963 1600 1006; x_wconf 87' lang='lat' dir='ltr'>gressum,</span> 
     </span>
    </p>

    <p class='ocr_par' dir='ltr' id='par_1_3' title="bbox 301 1011 1728 1806">
     <span class='ocr_line' id='line_1_12' title="bbox 302 1011 1473 1074; baseline 0 -16"><span class='ocrx_word' id='word_1_79' title='bbox 302 1013 397 1058; x_wconf 92' lang='lat' dir='ltr'>huc</span> <span class='ocrx_word' id='word_1_80' title='bbox 424 1012 634 1074; x_wconf 89' lang='lat' dir='ltr'>periture</span> <span class='ocrx_word' id='word_1_81' title='bbox 661 1011 787 1069; x_wconf 91' lang='lat' dir='ltr'>veni,</span> <span class='ocrx_word' id='word_1_82' title='bbox 815 1012 969 1074; x_wconf 91' lang='lat' dir='ltr'>capias</span> <span class='ocrx_word' id='word_1_83' title='bbox 996 1026 1048 1059; x_wconf 92' lang='lat' dir='ltr'>ut</span> <span class='ocrx_word' id='word_1_84' title='bbox 1073 1013 1214 1074; x_wconf 89' lang='lat' dir='ltr'>digna</span> <span class='ocrx_word' id='word_1_85' title='bbox 1242 1013 1473 1059; x_wconf 88' lang='lat' dir='ltr'><strong>Camillae</strong></span> 
     </span>
     <span class='ocr_line' id='line_1_13' title="bbox 302 1078 1507 1141; baseline 0.001 -17"><span class='ocrx_word' id='word_1_86' title='bbox 302 1078 524 1141; x_wconf 88' lang='lat' dir='ltr'>praemia.</span> <span class='ocrx_word' id='word_1_87' title='bbox 596 1091 711 1125; x_wconf 90' lang='lat' dir='ltr'>tune</span> <span class='ocrx_word' id='word_1_88' title='bbox 739 1078 880 1124; x_wconf 88' lang='lat' dir='ltr'>etiam</span> <span class='ocrx_word' id='word_1_89' title='bbox 908 1079 1012 1124; x_wconf 88' lang='lat' dir='ltr'>telis</span> <span class='ocrx_word' id='word_1_90' title='bbox 1039 1080 1236 1125; x_wconf 90' lang='lat' dir='ltr'>moriere</span> <span class='ocrx_word' id='word_1_91' title='bbox 1262 1079 1473 1125; x_wconf 90' lang='lat' dir='ltr'>Dianae.</span> <span class='ocrx_word' id='word_1_92' title='bbox 1468 1079 1507 1113; x_wconf 69' lang='lat'>?&#39;</span> 
     </span>
     <span class='ocr_line' id='line_1_14' title="bbox 302 1145 1454 1207; baseline 0.001 -16"><span class='ocrx_word' id='word_1_93' title='bbox 302 1145 440 1200; x_wconf 85' lang='lat' dir='ltr'><strong>dixit,</strong></span> <span class='ocrx_word' id='word_1_94' title='bbox 468 1158 512 1191; x_wconf 90' lang='lat' dir='ltr'>et</span> <span class='ocrx_word' id='word_1_95' title='bbox 537 1158 698 1191; x_wconf 89' lang='lat' dir='ltr'>aurata</span> <span class='ocrx_word' id='word_1_96' title='bbox 722 1145 966 1192; x_wconf 89' lang='lat' dir='ltr'>volucrem</span> <span class='ocrx_word' id='word_1_97' title='bbox 994 1145 1215 1192; x_wconf 75' lang='lat' dir='ltr'>Threissa</span> <span class='ocrx_word' id='word_1_98' title='bbox 1240 1145 1454 1207; x_wconf 88' lang='lat' dir='ltr'>sagittam</span> 
     </span>
     <span class='ocr_line' id='line_1_15' title="bbox 301 1211 1578 1274; baseline 0.001 -17"><span class='ocrx_word' id='word_1_99' title='bbox 301 1211 590 1274; x_wconf 90' lang='lat' dir='ltr'>deprompsit</span> <span class='ocrx_word' id='word_1_100' title='bbox 615 1213 848 1274; x_wconf 89' lang='lat' dir='ltr'>pharetra,</span> <span class='ocrx_word' id='word_1_101' title='bbox 876 1229 1120 1274; x_wconf 90' lang='lat' dir='ltr'>cornuque</span> <span class='ocrx_word' id='word_1_102' title='bbox 1145 1212 1331 1258; x_wconf 90' lang='lat' dir='ltr'>infensa</span> <span class='ocrx_word' id='word_1_103' title='bbox 1356 1212 1578 1268; x_wconf 87' lang='lat' dir='ltr'>tetendit,</span> 
     </span>
     <span class='ocr_line' id='line_1_16' title="bbox 302 1278 1728 1339; baseline 0 -14"><span class='ocrx_word' id='word_1_104' title='bbox 302 1291 349 1325; x_wconf 91' lang='lat' dir='ltr'>et</span> <span class='ocrx_word' id='word_1_105' title='bbox 374 1278 512 1324; x_wconf 88' lang='lat' dir='ltr'>duxit</span> <span class='ocrx_word' id='word_1_106' title='bbox 538 1278 691 1339; x_wconf 89' lang='lat' dir='ltr'>longe,</span> <span class='ocrx_word' id='word_1_107' title='bbox 719 1278 869 1325; x_wconf 93' lang='lat' dir='ltr'>donec</span> <span class='ocrx_word' id='word_1_108' title='bbox 897 1293 1086 1325; x_wconf 89' lang='lat' dir='ltr'>curvata</span> <span class='ocrx_word' id='word_1_109' title='bbox 1111 1283 1292 1325; x_wconf 71' lang='lat' dir='ltr'>coirent</span> <span class='ocrx_word' id='word_1_110' title='bbox 1664 1292 1728 1325; x_wconf 89' lang='lat'>860</span> 
     </span>
     <span class='ocr_line' id='line_1_17' title="bbox 302 1345 1566 1408; baseline 0 -17"><span class='ocrx_word' id='word_1_111' title='bbox 302 1345 427 1391; x_wconf 89' lang='lat' dir='ltr'>inter</span> <span class='ocrx_word' id='word_1_112' title='bbox 451 1361 498 1391; x_wconf 90' lang='lat' dir='ltr'>se</span> <span class='ocrx_word' id='word_1_113' title='bbox 524 1345 691 1407; x_wconf 91' lang='lat' dir='ltr'>capita,</span> <span class='ocrx_word' id='word_1_114' title='bbox 719 1357 766 1391; x_wconf 94' lang='lat' dir='ltr'>et</span> <span class='ocrx_word' id='word_1_115' title='bbox 792 1345 1010 1391; x_wconf 89' lang='lat' dir='ltr'>manibus</span> <span class='ocrx_word' id='word_1_116' title='bbox 1036 1345 1126 1391; x_wconf 91' lang='lat' dir='ltr'>iam</span> <span class='ocrx_word' id='word_1_117' title='bbox 1156 1358 1367 1405; x_wconf 91' lang='lat' dir='ltr'>tangeret</span> <span class='ocrx_word' id='word_1_118' title='bbox 1393 1345 1566 1408; x_wconf 88' lang='lat' dir='ltr'>aequis,</span> 
     </span>
     <span class='ocr_line' id='line_1_18' title="bbox 302 1411 1479 1474; baseline 0.001 -17"><span class='ocrx_word' id='word_1_119' title='bbox 302 1412 433 1458; x_wconf 88' lang='lat' dir='ltr'>laeva</span> <span class='ocrx_word' id='word_1_120' title='bbox 458 1411 606 1458; x_wconf 88' lang='lat' dir='ltr'>aciem</span> <span class='ocrx_word' id='word_1_121' title='bbox 634 1411 758 1469; x_wconf 89' lang='lat' dir='ltr'>ferri,</span> <span class='ocrx_word' id='word_1_122' title='bbox 785 1412 950 1458; x_wconf 85' lang='lat' dir='ltr'>dextra</span> <span class='ocrx_word' id='word_1_123' title='bbox 976 1427 1214 1474; x_wconf 89' lang='lat' dir='ltr'>nervoque</span> <span class='ocrx_word' id='word_1_124' title='bbox 1240 1412 1479 1473; x_wconf 87' lang='lat' dir='ltr'>papillam.</span> 
     </span>
     <span class='ocr_line' id='line_1_19' title="bbox 303 1478 1428 1540; baseline 0 -16"><span class='ocrx_word' id='word_1_125' title='bbox 303 1479 546 1540; x_wconf 84' lang='lat' dir='ltr'>extemplo</span> <span class='ocrx_word' id='word_1_126' title='bbox 573 1478 654 1524; x_wconf 91' lang='lat' dir='ltr'>teli</span> <span class='ocrx_word' id='word_1_127' title='bbox 681 1478 929 1525; x_wconf 90' lang='lat' dir='ltr'>stridorem</span> <span class='ocrx_word' id='word_1_128' title='bbox 955 1495 1181 1540; x_wconf 87' lang='lat' dir='ltr'>aurasque</span> <span class='ocrx_word' id='word_1_129' title='bbox 1210 1492 1428 1524; x_wconf 90' lang='lat' dir='ltr'>sonantes</span> 
     </span>
     <span class='ocr_line' id='line_1_20' title="bbox 302 1544 1564 1608; baseline -0.001 -17"><span class='ocrx_word' id='word_1_130' title='bbox 302 1544 451 1591; x_wconf 89' lang='lat' dir='ltr'>audiit</span> <span class='ocrx_word' id='word_1_131' title='bbox 477 1562 569 1591; x_wconf 92' lang='lat' dir='ltr'>una</span> <span class='ocrx_word' id='word_1_132' title='bbox 592 1546 788 1602; x_wconf 89' lang='lat' dir='ltr'>Arruns,</span> <span class='ocrx_word' id='word_1_133' title='bbox 813 1545 1057 1608; x_wconf 87' lang='lat' dir='ltr'>haesitque</span> <span class='ocrx_word' id='word_1_134' title='bbox 1082 1544 1131 1590; x_wconf 91' lang='lat' dir='ltr'>in</span> <span class='ocrx_word' id='word_1_135' title='bbox 1152 1561 1347 1606; x_wconf 92' lang='lat' dir='ltr'>corpore</span> <span class='ocrx_word' id='word_1_136' title='bbox 1373 1545 1564 1591; x_wconf 88' lang='lat' dir='ltr'>ferrum.</span> 
     </span>
     <span class='ocr_line' id='line_1_21' title="bbox 302 1611 1619 1674; baseline 0.001 -17"><span class='ocrx_word' id='word_1_137' title='bbox 302 1612 439 1658; x_wconf 90' lang='lat' dir='ltr'>illum</span> <span class='ocrx_word' id='word_1_138' title='bbox 467 1611 784 1673; x_wconf 85' lang='lat' dir='ltr'>exspirantem</span> <span class='ocrx_word' id='word_1_139' title='bbox 811 1611 924 1658; x_wconf 90' lang='lat' dir='ltr'>socii</span> <span class='ocrx_word' id='word_1_140' title='bbox 951 1625 1090 1674; x_wconf 89' lang='lat' dir='ltr'>atque</span> <span class='ocrx_word' id='word_1_141' title='bbox 1117 1625 1326 1658; x_wconf 86' lang='lat' dir='ltr'>extrema</span> <span class='ocrx_word' id='word_1_142' title='bbox 1350 1625 1619 1672; x_wconf 88' lang='lat' dir='ltr'>gementem</span> 
     </span>
     <span class='ocr_line' id='line_1_22' title="bbox 301 1677 1517 1740; baseline 0 -17"><span class='ocrx_word' id='word_1_143' title='bbox 301 1677 438 1724; x_wconf 90' lang='lat' dir='ltr'>obliti</span> <span class='ocrx_word' id='word_1_144' title='bbox 464 1678 628 1738; x_wconf 88' lang='lat' dir='ltr'>ignoto</span> <span class='ocrx_word' id='word_1_145' title='bbox 654 1695 930 1740; x_wconf 91' lang='lat' dir='ltr'>camporum</span> <span class='ocrx_word' id='word_1_146' title='bbox 957 1678 1005 1723; x_wconf 90' lang='lat' dir='ltr'>in</span> <span class='ocrx_word' id='word_1_147' title='bbox 1031 1679 1226 1740; x_wconf 90' lang='lat' dir='ltr'>pulvere</span> <span class='ocrx_word' id='word_1_148' title='bbox 1254 1678 1517 1740; x_wconf 84' lang='lat' dir='ltr'>linquunt3</span> 
     </span>
     <span class='ocr_line' id='line_1_23' title="bbox 303 1744 1521 1806; baseline 0.001 -17"><span class='ocrx_word' id='word_1_149' title='bbox 303 1744 420 1806; x_wconf 89' lang='lat' dir='ltr'>Opis</span> <span class='ocrx_word' id='word_1_150' title='bbox 448 1744 505 1790; x_wconf 88' lang='lat' dir='ltr'>ad</span> <span class='ocrx_word' id='word_1_151' title='bbox 530 1745 793 1790; x_wconf 89' lang='lat' dir='ltr'>aetherium</span> <span class='ocrx_word' id='word_1_152' title='bbox 820 1744 977 1806; x_wconf 89' lang='lat' dir='ltr'>pinnis</span> <span class='ocrx_word' id='word_1_153' title='bbox 1004 1745 1214 1790; x_wconf 93' lang='lat' dir='ltr'>aufertur</span> <span class='ocrx_word' id='word_1_154' title='bbox 1241 1745 1521 1806; x_wconf 90' lang='lat' dir='ltr'>Olympum.</span> 
     </span>
    </p>

    <p class='ocr_par' dir='ltr' id='par_1_4' title="bbox 299 1810 1728 2735">
     <span class='ocr_line' id='line_1_24' title="bbox 366 1810 1645 1872; baseline 0.001 -17"><span class='ocrx_word' id='word_1_155' title='bbox 366 1810 518 1872; x_wconf 88' lang='lat' dir='ltr'>prima</span> <span class='ocrx_word' id='word_1_156' title='bbox 545 1810 685 1871; x_wconf 90' lang='lat' dir='ltr'>fugit,</span> <span class='ocrx_word' id='word_1_157' title='bbox 710 1810 903 1856; x_wconf 88' lang='lat' dir='ltr'>domina</span> <span class='ocrx_word' id='word_1_158' title='bbox 927 1811 1109 1866; x_wconf 88' lang='lat' dir='ltr'>amissa,</span> <span class='ocrx_word' id='word_1_159' title='bbox 1135 1810 1250 1856; x_wconf 86' lang='lat' dir='ltr'>levis</span> <span class='ocrx_word' id='word_1_160' title='bbox 1278 1811 1347 1855; x_wconf 88' lang='lat' dir='ltr'>ala</span> <span class='ocrx_word' id='word_1_161' title='bbox 1373 1810 1608 1856; x_wconf 89' lang='lat' dir='ltr'>Camillae</span> <span class='ocrx_word' id='word_1_162' title='bbox 1632 1831 1645 1866; x_wconf 92' lang='lat'>;</span> 
     </span>
     <span class='ocr_line' id='line_1_25' title="bbox 302 1876 1396 1938; baseline -0.001 -15"><span class='ocrx_word' id='word_1_163' title='bbox 302 1876 476 1924; x_wconf 89' lang='lat' dir='ltr'>turbati</span> <span class='ocrx_word' id='word_1_164' title='bbox 502 1876 696 1938; x_wconf 91' lang='lat' dir='ltr'>fugiunt</span> <span class='ocrx_word' id='word_1_165' title='bbox 723 1876 909 1933; x_wconf 90' lang='lat' dir='ltr'>Rutuli,</span> <span class='ocrx_word' id='word_1_166' title='bbox 938 1877 1058 1937; x_wconf 89' lang='lat' dir='ltr'>fugit</span> <span class='ocrx_word' id='word_1_167' title='bbox 1084 1893 1189 1923; x_wconf 89' lang='lat' dir='ltr'>acer</span> <span class='ocrx_word' id='word_1_168' title='bbox 1213 1876 1396 1933; x_wconf 89' lang='lat' dir='ltr'>Atinas,</span> 
     </span>
     <span class='ocr_line' id='line_1_26' title="bbox 299 1943 1728 2018; baseline -0.001 -29"><span class='ocrx_word' id='word_1_169' title='bbox 299 1943 577 2006; x_wconf 92' lang='lat' dir='ltr'>disiectique</span> <span class='ocrx_word' id='word_1_170' title='bbox 602 1943 747 1990; x_wconf 91' lang='lat' dir='ltr'>duces</span> <span class='ocrx_word' id='word_1_171' title='bbox 773 1943 1066 2018; x_wconf 81' lang='lat' dir='ltr'>desolatique</span> <span class='ocrx_word' id='word_1_172' title='bbox 1092 1943 1289 2005; x_wconf 90' lang='lat' dir='ltr'>manipli</span> <span class='ocrx_word' id='word_1_173' title='bbox 1666 1958 1728 1997; x_wconf 88' lang='lat'>870</span> 
     </span>
     <span class='ocr_line' id='line_1_27' title="bbox 301 2009 1559 2072; baseline -0.002 -15"><span class='ocrx_word' id='word_1_174' title='bbox 301 2022 403 2057; x_wconf 89' lang='lat' dir='ltr'>tuta</span> <span class='ocrx_word' id='word_1_175' title='bbox 428 2023 617 2072; x_wconf 90' lang='lat' dir='ltr'>petunt,</span> <span class='ocrx_word' id='word_1_176' title='bbox 643 2021 690 2055; x_wconf 93' lang='lat' dir='ltr'>et</span> <span class='ocrx_word' id='word_1_177' title='bbox 716 2009 846 2072; x_wconf 92' lang='lat' dir='ltr'>equis</span> <span class='ocrx_word' id='word_1_178' title='bbox 873 2010 1017 2055; x_wconf 90' lang='lat' dir='ltr'>aversi</span> <span class='ocrx_word' id='word_1_179' title='bbox 1044 2009 1100 2055; x_wconf 91' lang='lat' dir='ltr'>ad</span> <span class='ocrx_word' id='word_1_180' title='bbox 1125 2009 1312 2055; x_wconf 89' lang='lat' dir='ltr'>moenia</span> <span class='ocrx_word' id='word_1_181' title='bbox 1339 2009 1559 2056; x_wconf 90' lang='lat' dir='ltr'>tendunt.</span> 
     </span>
     <span class='ocr_line' id='line_1_28' title="bbox 301 2076 1664 2139; baseline -0.001 -16"><span class='ocrx_word' id='word_1_182' title='bbox 301 2093 389 2123; x_wconf 92' lang='lat' dir='ltr'>nec</span> <span class='ocrx_word' id='word_1_183' title='bbox 416 2076 664 2139; x_wconf 88' lang='lat' dir='ltr'>quisquam</span> <span class='ocrx_word' id='word_1_184' title='bbox 691 2076 917 2122; x_wconf 90' lang='lat' dir='ltr'>instantes</span> <span class='ocrx_word' id='word_1_185' title='bbox 945 2077 1162 2122; x_wconf 88' lang='lat' dir='ltr'>Teucros</span> <span class='ocrx_word' id='word_1_186' title='bbox 1189 2077 1434 2138; x_wconf 88' lang='lat' dir='ltr'>letumque</span> <span class='ocrx_word' id='word_1_187' title='bbox 1461 2076 1664 2122; x_wconf 89' lang='lat' dir='ltr'>ferentes</span> 
     </span>
     <span class='ocr_line' id='line_1_29' title="bbox 300 2143 1382 2199; baseline -0.001 -10"><span class='ocrx_word' id='word_1_188' title='bbox 300 2155 562 2190; x_wconf 90' lang='lat' dir='ltr'>sustentare</span> <span class='ocrx_word' id='word_1_189' title='bbox 588 2143 715 2189; x_wconf 89' lang='lat' dir='ltr'>valet</span> <span class='ocrx_word' id='word_1_190' title='bbox 742 2143 862 2199; x_wconf 92' lang='lat' dir='ltr'>telis,</span> <span class='ocrx_word' id='word_1_191' title='bbox 891 2155 972 2189; x_wconf 92' lang='lat' dir='ltr'>aut</span> <span class='ocrx_word' id='word_1_192' title='bbox 997 2143 1158 2189; x_wconf 87' lang='lat' dir='ltr'>sistere</span> <span class='ocrx_word' id='word_1_193' title='bbox 1184 2156 1380 2189; x_wconf 91' lang='lat' dir='ltr'>contra·</span> <span class='ocrx_word' id='word_1_194' title='bbox 1368 2179 1382 2199; x_wconf 92' lang='lat'>‚</span> 
     </span>
     <span class='ocr_line' id='line_1_30' title="bbox 300 2209 1509 2271; baseline -0.001 -16"><span class='ocrx_word' id='word_1_195' title='bbox 300 2210 383 2256; x_wconf 90' lang='lat' dir='ltr'>sed</span> <span class='ocrx_word' id='word_1_196' title='bbox 408 2210 538 2256; x_wconf 87' lang='lat' dir='ltr'>laxos</span> <span class='ocrx_word' id='word_1_197' title='bbox 563 2210 777 2256; x_wconf 90' lang='lat' dir='ltr'>referunt</span> <span class='ocrx_word' id='word_1_198' title='bbox 804 2210 974 2256; x_wconf 87' lang='lat' dir='ltr'>umeris</span> <span class='ocrx_word' id='word_1_199' title='bbox 1002 2209 1336 2271; x_wconf 90' lang='lat' dir='ltr'>languentibus</span> <span class='ocrx_word' id='word_1_200' title='bbox 1363 2226 1509 2261; x_wconf 89' lang='lat' dir='ltr'>arcus,</span> 
     </span>
     <span class='ocr_line' id='line_1_31' title="bbox 300 2275 1723 2339; baseline -0.001 -17"><span class='ocrx_word' id='word_1_201' title='bbox 300 2277 758 2339; x_wconf 88' lang='lat' dir='ltr'>quadrupedumque</span> <span class='ocrx_word' id='word_1_202' title='bbox 769 2289 959 2339; x_wconf 91' lang='lat' dir='ltr'>putrem</span> <span class='ocrx_word' id='word_1_203' title='bbox 973 2293 1111 2322; x_wconf 92' lang='lat' dir='ltr'>cursu</span> <span class='ocrx_word' id='word_1_204' title='bbox 1124 2275 1278 2338; x_wconf 91' lang='lat' dir='ltr'>quatit</span> <span class='ocrx_word' id='word_1_205' title='bbox 1296 2276 1470 2335; x_wconf 90' lang='lat' dir='ltr'>ungula</span> <span class='ocrx_word' id='word_1_206' title='bbox 1486 2291 1723 2336; x_wconf 90' lang='lat' dir='ltr'>campum.</span> 
     </span>
     <span class='ocr_line' id='line_1_32' title="bbox 300 2342 1365 2403; baseline -0.001 -16"><span class='ocrx_word' id='word_1_207' title='bbox 300 2342 506 2389; x_wconf 86' lang='lat' dir='ltr'>volvitur</span> <span class='ocrx_word' id='word_1_208' title='bbox 531 2343 589 2388; x_wconf 91' lang='lat' dir='ltr'>ad</span> <span class='ocrx_word' id='word_1_209' title='bbox 615 2359 773 2388; x_wconf 90' lang='lat' dir='ltr'>muros</span> <span class='ocrx_word' id='word_1_210' title='bbox 800 2342 1000 2403; x_wconf 88' lang='lat' dir='ltr'>caligine</span> <span class='ocrx_word' id='word_1_211' title='bbox 1028 2343 1242 2388; x_wconf 91' lang='lat' dir='ltr'>turbidus</span> <span class='ocrx_word' id='word_1_212' title='bbox 1268 2355 1365 2388; x_wconf 91' lang='lat' dir='ltr'>atra</span> 
     </span>
     <span class='ocr_line' id='line_1_33' title="bbox 299 2408 1515 2471; baseline -0.002 -17"><span class='ocrx_word' id='word_1_213' title='bbox 299 2408 469 2471; x_wconf 89' lang='lat' dir='ltr'>pulvis,</span> <span class='ocrx_word' id='word_1_214' title='bbox 497 2422 544 2454; x_wconf 91' lang='lat' dir='ltr'>et</span> <span class='ocrx_word' id='word_1_215' title='bbox 571 2425 596 2454; x_wconf 92' lang='lat' dir='ltr'>e</span> <span class='ocrx_word' id='word_1_216' title='bbox 622 2409 824 2470; x_wconf 87' lang='lat' dir='ltr'>speculis</span> <span class='ocrx_word' id='word_1_217' title='bbox 849 2425 1098 2471; x_wconf 89' lang='lat' dir='ltr'>percussae</span> <span class='ocrx_word' id='word_1_218' title='bbox 1123 2421 1319 2470; x_wconf 89' lang='lat' dir='ltr'>pectora</span> <span class='ocrx_word' id='word_1_219' title='bbox 1342 2420 1515 2453; x_wconf 89' lang='lat' dir='ltr'>matres</span> 
     </span>
     <span class='ocr_line' id='line_1_34' title="bbox 301 2474 1469 2521; baseline -0.002 0"><span class='ocrx_word' id='word_1_220' title='bbox 301 2475 567 2521; x_wconf 89' lang='lat' dir='ltr'>femineum</span> <span class='ocrx_word' id='word_1_221' title='bbox 594 2475 848 2521; x_wconf 88' lang='lat' dir='ltr'>clamorem</span> <span class='ocrx_word' id='word_1_222' title='bbox 876 2474 931 2520; x_wconf 90' lang='lat' dir='ltr'>ad</span> <span class='ocrx_word' id='word_1_223' title='bbox 956 2475 1073 2520; x_wconf 91' lang='lat' dir='ltr'>caeli</span> <span class='ocrx_word' id='word_1_224' title='bbox 1101 2474 1249 2520; x_wconf 87' lang='lat' dir='ltr'>sidera</span> <span class='ocrx_word' id='word_1_225' title='bbox 1276 2474 1469 2520; x_wconf 86' lang='lat' dir='ltr'>tollunt.</span> 
     </span>
     <span class='ocr_line' id='line_1_35' title="bbox 301 2540 1389 2604; baseline -0.002 -16"><span class='ocrx_word' id='word_1_226' title='bbox 301 2541 382 2604; x_wconf 91' lang='lat' dir='ltr'>qui</span> <span class='ocrx_word' id='word_1_227' title='bbox 409 2558 545 2588; x_wconf 90' lang='lat' dir='ltr'>cursu</span> <span class='ocrx_word' id='word_1_228' title='bbox 572 2554 725 2603; x_wconf 92' lang='lat' dir='ltr'>portas</span> <span class='ocrx_word' id='word_1_229' title='bbox 750 2540 890 2602; x_wconf 90' lang='lat' dir='ltr'>primi</span> <span class='ocrx_word' id='word_1_230' title='bbox 917 2540 1135 2602; x_wconf 90' lang='lat' dir='ltr'>inrupere</span> <span class='ocrx_word' id='word_1_231' title='bbox 1159 2553 1389 2602; x_wconf 90' lang='lat' dir='ltr'>patentes,</span> 
     </span>
     <span class='ocr_line' id='line_1_36' title="bbox 302 2606 1724 2669; baseline -0.002 -15"><span class='ocrx_word' id='word_1_232' title='bbox 302 2610 385 2654; x_wconf 89' lang='lat' dir='ltr'>hos</span> <span class='ocrx_word' id='word_1_233' title='bbox 411 2607 607 2654; x_wconf 88' lang='lat' dir='ltr'>inimica</span> <span class='ocrx_word' id='word_1_234' title='bbox 633 2624 770 2668; x_wconf 90' lang='lat' dir='ltr'>super</span> <span class='ocrx_word' id='word_1_235' title='bbox 794 2606 945 2653; x_wconf 84' lang='lat' dir='ltr'>mixto</span> <span class='ocrx_word' id='word_1_236' title='bbox 970 2606 1144 2669; x_wconf 90' lang='lat' dir='ltr'>premit</span> <span class='ocrx_word' id='word_1_237' title='bbox 1170 2606 1355 2666; x_wconf 88' lang='lat' dir='ltr'>agmine</span> <span class='ocrx_word' id='word_1_238' title='bbox 1381 2607 1518 2652; x_wconf 91' lang='lat' dir='ltr'>turba</span> <span class='ocrx_word' id='word_1_239' title='bbox 1540 2626 1553 2663; x_wconf 93' lang='lat'>;</span> <span class='ocrx_word' id='word_1_240' title='bbox 1662 2620 1724 2652; x_wconf 78' lang='lat'>880</span> 
     </span>
     <span class='ocr_line' id='line_1_37' title="bbox 303 2672 1649 2735; baseline -0.001 -15"><span class='ocrx_word' id='word_1_241' title='bbox 303 2691 390 2721; x_wconf 92' lang='lat' dir='ltr'>nec</span> <span class='ocrx_word' id='word_1_242' title='bbox 418 2674 633 2721; x_wconf 87' lang='lat' dir='ltr'>miseram</span> <span class='ocrx_word' id='word_1_243' title='bbox 661 2673 894 2734; x_wconf 86' lang='lat' dir='ltr'>effugiunt</span> <span class='ocrx_word' id='word_1_244' title='bbox 920 2686 1136 2730; x_wconf 90' lang='lat' dir='ltr'>mortem,</span> <span class='ocrx_word' id='word_1_245' title='bbox 1164 2673 1242 2718; x_wconf 88' lang='lat' dir='ltr'>sed</span> <span class='ocrx_word' id='word_1_246' title='bbox 1269 2673 1433 2719; x_wconf 89' lang='lat' dir='ltr'>limine</span> <span class='ocrx_word' id='word_1_247' title='bbox 1458 2673 1507 2718; x_wconf 91' lang='lat' dir='ltr'>in</span> <span class='ocrx_word' id='word_1_248' title='bbox 1533 2672 1649 2735; x_wconf 91' lang='lat' dir='ltr'>ipso,</span> 
     </span>
    </p>

    <p class='ocr_par' dir='ltr' id='par_1_5' title="bbox 734 2748 1213 2800">
     <span class='ocr_line' id='line_1_38' title="bbox 734 2748 1213 2800; baseline 0 -13"><span class='ocrx_word' id='word_1_249' title='bbox 734 2749 812 2800; x_wconf 86' lang='lat'>854</span> <span class='ocrx_word' id='word_1_250' title='bbox 840 2752 1044 2787; x_wconf 90' lang='lat' dir='ltr'>laetantem</span> <span class='ocrx_word' id='word_1_251' title='bbox 1065 2748 1213 2787; x_wconf 87' lang='lat' dir='ltr'>animis.</span> 
     </span>
    </p>
   </div>
   <div class='ocr_carea' id='block_1_3' title="bbox 1792 0 1866 3208">
    <p class='ocr_par' dir='ltr' id='par_1_6' title="bbox 1792 0 1866 3208">
     <span class='ocr_line' id='line_1_39' title="bbox 1792 0 1866 3208; baseline 0 0"><span class='ocrx_word' id='word_1_252' title='bbox 1792 0 1866 3208; x_wconf 95' lang='lat' dir='ltr'> </span> 
     </span>
    </p>
   </div>
  </div>
 </body>
</html>
