1861 3256
216 270 288 320 156
390 297 397 304 .
661 269 705 309 P.
734 269 966 308 VERGILI
997 254 1255 311 MARoms

278 390 326 424 et
352 379 547 425 tandem
573 377 683 424 laeti
710 376 942 423 sociorum
967 378 1242 425 ulciscimur
1266 378 1469 426 umbras,

276 444 357 491 sed
381 445 550 505 fugite,
576 461 604 489 o
629 442 801 501 miseri,
828 443 978 504 fugite
1003 457 1145 508 atque
1171 445 1228 491 ab
1255 445 1392 491 litore
1417 445 1583 491 funem

275 510 497 572 rumpite.
1641 526 1703 566 640

274 593 387 623 nam
412 574 562 638 qualis
589 588 886 639 quantusque
913 593 1026 623 cavo
1055 577 1373 639 Polyphemus
1397 576 1445 622 in
1473 589 1607 624 antro

275 643 504 702 lanigeras
531 641 712 687 claudit
737 642 946 704 pecudes
972 656 1112 705 atque
1140 644 1281 689 ubera
1306 656 1495 705 pressat,

274 721 471 755 centum
497 706 575 753 alii
605 724 746 754 curva
771 710 887 755 haec
915 709 1131 755 habitant
1156 709 1215 755 ad
1240 709 1375 755 litora
1398 709 1540 770 vulgo

272 773 458 821 infandi
486 773 739 836 Cyclopes,
770 788 816 821 et
842 775 946 821 altis
972 775 1211 822 montibus
1238 788 1408 822 errant.

274 840 411 888 tertia
435 840 529 886 iam
555 840 696 887 lunae
722 858 769 887 se
797 858 973 888 cornua
998 842 1180 888 lumine
1207 842 1470 904 complent,

273 923 384 954 cum
409 906 555 953 vitam
579 906 629 952 in
656 907 783 954 silvis
809 908 935 954 inter
960 908 1140 955 deserta
1166 908 1369 954 ferarum

273 974 420 1020 lustra
445 973 703 1047 domosque
730 975 879 1032 traho,
910 987 1153 1038 vastosque
1179 975 1236 1021 ab
1262 992 1377 1037 rupe
1406 975 1642 1037 Cyclopas

271 1039 508 1102 prospicio
535 1039 834 1103 sonitumque
860 1040 1040 1103 pedum
1064 1057 1327 1104 vocemque
1355 1054 1598 1088 tremeSCO.

270 1106 456 1153 victum
482 1105 744 1163 infelicem,
773 1107 907 1153 bacas
936 1107 1239 1170 lapidosaque
1265 1124 1423 1165 corna,

272 1172 389 1219 dant
414 1173 547 1230 rami,
577 1186 622 1218 et
647 1172 790 1218 vulsis
818 1187 1017 1248 pascunt
1042 1174 1276 1220 radicibus
1302 1174 1489 1221 herbae.
1641 1188 1704 1226 650

271 1238 432 1285 omnia
457 1210 738 1285 collustrans
761 1240 886 1286 hanc
916 1240 1120 1302 primum
1149 1240 1207 1286 ad
1234 1240 1372 1286 litora
1398 1241 1595 1286 classem

273 1305 501 1367 conspexi
528 1306 820 1352 venientem.
893 1306 1004 1352 huic
1031 1323 1123 1363 me,
1151 1323 1479 1370 quaecumque
1505 1306 1682 1364 fuisset,

274 1371 433 1418 addixi
459 1390 469 1418 :
507 1372 611 1418 satis
638 1385 706 1418 est
730 1386 925 1433 gentem
952 1373 1165 1433 effugisse
1192 1372 1464 1419 nefandam.

273 1455 355 1486 vos
380 1438 589 1485 animam
614 1440 736 1485 hanc
763 1438 919 1501 potius
946 1456 1248 1501 quocumque
1275 1438 1507 1485 absumite
1533 1439 1661 1486 let0.'

339 1505 418 1551 vix
445 1522 498 1552 ea
522 1505 642 1551 fatus
671 1519 782 1563 erat,
811 1522 995 1552 summo
1022 1522 1132 1551 cum
1158 1519 1321 1552 monte
1347 1505 1563 1552 videmus
1858 1514 1861 1582 Ι

273 1572 428 1635 ipsum
454 1572 580 1618 inter
603 1572 811 1634 pecudes
840 1585 964 1618 vasta
992 1589 1039 1618 se
1066 1572 1192 1618 mole
1219 1584 1494 1618 moventem

274 1651 506 1701 pastorem
535 1638 900 1701 Polyphemum,
931 1652 976 1685 et
1002 1638 1137 1685 litora
1165 1652 1275 1685 nota
1302 1651 1562 1700 petentem,
1859 1653 1861 1672 ⁴

274 1718 539 1752 monstrum
585 1705 893 1762 horrendum,
931 1704 1149 1762 informe,
1187 1704 1368 1765 ingens,
1411 1703 1488 1751 cui
1536 1705 1701 1750 lumen

408 1771 699 1833 ademptum.

275 1851 440 1885 trunca
465 1854 610 1884 manu
636 1837 776 1899 pinus
802 1836 920 1897 regit
948 1850 994 1883 et
1018 1836 1211 1898 vestigia
1235 1837 1420 1894 firmat;

274 1904 512 1965 lanigerae
539 1903 831 1950 comitantur
856 1921 964 1950 oves
987 1924 1001 1961 ;
1038 1921 1090 1950 ea
1113 1904 1209 1950 sola
1234 1905 1452 1966 voluptas
1643 1917 1706 1950 660

275 1971 578 2033 solamenque
605 1970 733 2017 mali.

274 2049 523 2100 postquam
549 2037 666 2083 altos
693 2036 849 2097 tetigit
876 2035 1044 2083 fluctus
1072 2050 1119 2083 et
1144 2037 1202 2082 ad
1227 2053 1428 2099 aequora
1453 2035 1600 2094 venit,

275 2103 472 2150 luminis
498 2103 648 2149 effossi
676 2103 878 2149 fluidum
906 2103 1018 2149 lavit
1043 2103 1153 2149 inde
1179 2119 1393 2149 cruorem

274 2170 496 2217 dentibus
517 2170 795 2217 infrendens
822 2169 1018 2231 gemitu,
1045 2170 1345 2232 graditurque
1369 2186 1452 2232 per
1477 2185 1649 2232 aequor

273 2237 370 2283 iarn
395 2237 623 2295 medium,
652 2237 861 2283 necdum
887 2235 1056 2282 fluctus
1084 2237 1228 2282 latera
1255 2236 1397 2282 ardua
1423 2235 1581 2282 tinxit.

276 2320 360 2350 nos
385 2304 551 2365 procul
577 2303 690 2350 inde
718 2303 877 2364 fugam
905 2303 1076 2365 trepidi
1102 2303 1306 2349 celerare
1332 2314 1525 2363 recepto

276 2369 493 2432 supplice
518 2369 583 2416 sic
612 2369 797 2427 merito,
827 2369 1054 2431 tacitique
1080 2369 1293 2415 incidere
1319 2368 1502 2425 funem,

276 2435 502 2482 verrimus
530 2448 577 2482 et
601 2435 740 2498 proni
768 2435 1059 2482 certantibus
1083 2451 1283 2497 aequora
1309 2433 1464 2480 remis.

277 2501 436 2560 sensit,
465 2514 512 2548 et
539 2502 597 2548 ad
623 2501 833 2547 sonitum
858 2501 985 2547 vocis
1010 2500 1202 2561 vestigia
1230 2500 1376 2547 torsit.

277 2585 442 2615 verum
469 2568 550 2615 ubi
578 2568 710 2614 nulla
736 2568 875 2613 datur
899 2567 1063 2613 dextra
1089 2566 1328 2613 adfectare
1352 2578 1573 2629 potestaS,
1643 2579 1706 2621 670

280 2652 369 2682 nec
395 2634 518 2698 potis
544 2634 704 2681 Ionios
729 2633 899 2680 fluctus
925 2649 1125 2696 aequare
1150 2633 1407 2696 sequendo,

281 2702 539 2749 clamorem
564 2700 835 2747 inmensum
862 2699 1003 2757 tollit,
1030 2716 1124 2762 quo
1147 2712 1321 2761 pontus
1349 2712 1395 2746 et
1420 2715 1584 2745 omnes

325 2777 400 2829 659
430 2789 604 2816 manum.
661 2776 735 2827 665
767 2776 898 2815 fluctu.
955 2775 1030 2813 668
1063 2775 1258 2815 vertimus.
1316 2776 1392 2824 670
1423 2777 1606 2815 dextram.
