1866 3208
563 203 838 241 AENEIDOS
867 203 970 241 LIB.
1000 203 1062 240 IX
1485 205 1562 255 289

132 314 347 371 ediderit,
374 329 516 376 quem
542 310 742 374 quisque
767 311 922 358 virum
947 311 1190 359 demiserit
1216 313 1346 358 Orco
1368 331 1381 366 3

132 394 180 429 et
206 397 395 428 mecum
411 379 637 454 ingentes
663 395 761 423 oras
788 379 993 426 evolvite
1018 379 1152 426 belli.

132 449 201 513 [et
225 445 505 493 meministis
532 444 677 503 enim,
704 444 855 503 divae,
884 459 930 492 et
956 463 1216 492 memorare
1241 444 1478 509 potestis.]

201 513 336 560 turris
363 524 461 559 erat
486 525 614 558 vasto
640 526 860 587 suspectu
890 526 936 559 et
960 513 1187 575 pontibus
1215 512 1336 571 altis,
1506 537 1566 568 530

132 592 398 644 opportuna
424 579 545 637 loco,
573 579 768 625 summis
795 596 939 642 quam
964 580 1140 626 viribus
1168 597 1330 627 omnes

133 663 401 710 expugnare
428 646 537 692 Itali
564 663 845 709 summaque
873 660 1084 694 evertere
1111 664 1257 722 opum
1282 646 1328 693 vi

133 714 390 770 certabant,
419 714 571 760 Troes
599 726 762 760 contra
787 713 1047 760 defendere
1074 713 1190 760 saxis

131 797 307 845 perque
335 798 468 827 cavas
494 780 628 826 densi
656 781 750 826 tela
776 780 1050 856 intorquere
1076 782 1319 829 fenestras.

129 848 349 912 princeps
376 848 622 894 ardentem
648 847 858 894 coniecit
883 848 1100 910 lampada
1127 849 1326 895 Turnus

131 929 178 962 et
203 914 442 961 flammam
468 915 630 961 adfixit
657 915 810 973 lateri,
838 932 958 978 quae
984 915 1191 978 plurima
1216 930 1362 963 vento

131 981 361 1044 corripuit
387 982 571 1028 tabulas
598 996 645 1028 et
670 982 883 1045 postibus
908 982 1062 1030 haesit
1087 982 1253 1030 adesis.

131 1049 304 1096 turbati
331 1049 564 1112 trepidare
590 1049 718 1095 intus
745 1050 1011 1113 frustraque
1037 1050 1272 1097 malorum

129 1116 253 1163 velle
281 1116 456 1177 fugam.
528 1117 644 1162 dum
672 1133 718 1163 se
743 1117 1012 1177 glomerant
1038 1130 1259 1179 retroque
1286 1116 1501 1163 residunt

129 1183 179 1230 in
203 1196 401 1246 partem,
428 1200 547 1246 quae
572 1197 705 1246 peste
732 1198 874 1243 caret,
903 1197 1006 1230 tum
1031 1184 1243 1247 pondere
1271 1183 1407 1230 turris
1509 1207 1570 1238 540

128 1251 384 1315 procubuit
409 1251 566 1298 subito
593 1264 639 1298 et
666 1251 856 1298 caelum
883 1264 1016 1298 tonat
1042 1268 1184 1298 omne
1211 1251 1409 1312 fragore.

131 1317 390 1365 semineces
417 1318 476 1364 ad
501 1331 687 1376 terram,
716 1318 899 1364 inmani
925 1319 1052 1365 mole
1079 1332 1256 1376 secuta,

130 1384 403 1447 confixique
430 1384 522 1432 suis
550 1385 655 1431 telis
683 1398 729 1431 et
754 1399 948 1448 pectora
974 1386 1092 1433 duro

132 1451 370 1498 transfossi
398 1451 530 1513 ligno
555 1452 776 1498 veniunt.
847 1453 926 1499 vix
955 1470 1075 1499 unus
1102 1453 1323 1499 Helenor

132 1532 178 1565 et
204 1519 360 1580 Lycus
389 1519 532 1581 elapsi
556 1540 570 1576 3
609 1537 812 1582 quorum
840 1520 1107 1582 primaevus
1135 1520 1367 1575 Helenor,

133 1585 365 1632 Maeonio
391 1586 487 1646 regi
515 1603 660 1649 quem
686 1604 816 1633 serva
842 1587 1096 1649 Licymnia
1122 1587 1288 1633 furtim

130 1653 380 1700 sustulerat
404 1653 659 1716 vetitisque
686 1653 744 1700 ad
771 1654 970 1700 Troiam
995 1654 1185 1700 miserat
1211 1653 1362 1710 armis,

132 1737 241 1766 ense
266 1720 382 1767 levis
408 1720 540 1766 nudo
565 1737 822 1784 parmaque
848 1721 1077 1782 inglorius
1105 1721 1209 1767 alba
1233 1739 1244 1768 ε

131 1787 261 1850 isque
287 1787 368 1833 ubi
395 1804 441 1833 se
469 1787 626 1833 Turni
654 1788 811 1834 media
837 1788 964 1834 inter
988 1788 1121 1834 milia
1146 1788 1282 1846 vidit,

129 1854 244 1901 hinc
272 1854 394 1900 acies
422 1867 566 1917 atque
594 1854 707 1901 hinc
736 1855 860 1901 acies
887 1855 1069 1901 adstare
1095 1855 1307 1912 LatinaS,
1510 1878 1571 1908 550

131 1934 184 1968 ut
209 1921 320 1978 fera,
349 1938 466 1984 quae
493 1922 637 1968 densa
664 1936 928 1968 venantum
955 1936 1113 1985 saepta
1139 1940 1312 1969 corona

133 2001 297 2034 contra
321 1988 416 2034 tela
442 1988 559 2035 furit
586 2005 782 2052 seseque
809 1990 938 2036 haud
964 1989 1121 2036 nescia
1146 1989 1288 2036 morti

132 2054 271 2101 inicit
299 2068 344 2101 et
370 2055 488 2101 saltu
517 2072 655 2118 supra
683 2056 920 2102 venabula
946 2057 1109 2114 fertur,

133 2121 261 2167 haud
286 2121 424 2167 aliter
449 2121 632 2167 iuvenis
661 2123 839 2169 medios
867 2123 1125 2169 moriturus
1151 2123 1200 2168 in
1225 2124 1383 2169 hostes

134 2188 282 2235 inruit
309 2202 370 2247 et,
398 2205 488 2252 qua
514 2189 609 2235 tela
634 2189 764 2236 videt
789 2189 1079 2247 densissima,
1105 2190 1276 2237 tendit.

135 2268 180 2302 at
203 2255 404 2318 pedibus
431 2256 572 2317 longe
593 2256 763 2303 melior
790 2257 948 2319 Lycus
975 2257 1100 2303 inter
1125 2271 1172 2304 et
1195 2258 1350 2304 hostes

135 2322 260 2369 inter
287 2336 333 2370 et
359 2340 485 2370 arma
512 2324 622 2385 fuga
648 2341 806 2370 muros
830 2338 976 2382 tenet,
1006 2325 1201 2387 altaque
1220 2338 1369 2371 certat

135 2391 366 2452 prendere
393 2404 519 2438 tecta
543 2408 688 2438 manu
717 2391 995 2455 sociumque
1024 2391 1252 2453 attingere
1278 2392 1480 2438 dextras,

137 2473 278 2519 quem
304 2457 516 2517 Turnus,
542 2459 718 2522 pariter
745 2476 882 2506 cursu
911 2460 1102 2522 teloque
1131 2472 1332 2515 secutus,

137 2523 350 2586 increpat
373 2525 444 2570 his
469 2526 619 2572 victor
645 2545 654 2572 :
696 2531 968 2573 ‘nostrasne
997 2527 1212 2585 evadere,
1239 2527 1450 2583 demens,
1512 2539 1572 2578 560

137 2590 328 2653 sperasti
355 2603 402 2637 te
427 2609 558 2653 posse
584 2610 752 2640 manus
771 2592 813 2640 ?’
851 2594 991 2640 simul
1020 2594 1184 2657 arripit
1207 2594 1364 2657 ipsum

136 2657 430 2719 pendentem
456 2671 502 2704 et
526 2675 695 2720 magna
719 2660 841 2706 muri
869 2678 979 2708 cum
1003 2675 1137 2723 parte
1162 2661 1351 2707 revellit
1375 2678 1385 2706 :

138 2724 288 2786 qualis
315 2724 395 2771 ubi
422 2737 502 2771 aut
526 2725 738 2786 leporem
763 2740 845 2774 aut
870 2728 1098 2773 candenti
1126 2744 1320 2789 corpore
1349 2742 1553 2788 cycnum

801 2811 833 2838 U
