1861 3256
213 256 283 295 188
659 256 702 294 P.
732 255 967 317 VERGILI
998 257 1258 295 MARONIS

274 363 394 409 alter
418 361 730 409 Amazoniam
755 362 1026 423 pharetram
1050 364 1339 426 plenamque
1365 361 1542 422 sagittis

273 428 532 485 Threiciis,
559 429 655 474 lato
681 444 825 489 quam
851 427 1032 476 circum
1058 430 1364 492 amplectitur
1389 445 1502 474 auro

273 495 473 552 balteus,
502 506 549 539 et
576 493 715 539 tereti
743 494 987 542 subnectit
1014 495 1158 542 fibula
1182 512 1397 556 gemma3

274 561 440 607 tertius
466 559 687 619 Argolica
712 561 800 606 hac
826 561 957 620 galea
984 575 1239 609 contentus
1266 561 1424 607 abito?

273 628 388 673 haec
418 625 498 672 ubi
526 625 668 682 dicta,
696 626 857 673 locum
883 627 1097 690 capiunt,
1124 628 1353 690 signoque
1378 639 1576 688 repente

273 691 540 753 corripiunt
566 692 715 754 spatia
741 692 920 751 audito,
948 694 1192 757 limenque
1218 694 1514 756 relinquunt,

274 758 409 805 effusi
437 757 605 804 nimbo
631 758 837 816 similes;
874 759 1013 807 simul
1042 761 1209 807 ultima
1235 760 1437 820 signant.

273 824 453 887 primus
480 824 578 870 abit
603 825 842 888 longeque
869 839 979 873 ante
1005 827 1164 873 omnia
1191 843 1386 888 corpora
1413 825 1561 872 Nisus

274 891 464 948 emicat,
492 903 539 937 et
564 891 719 937 ventis
747 904 794 938 et
820 893 1036 939 fulminis
1063 893 1194 940 ocior
1219 893 1318 939 alis.

274 957 516 1020 proximus
542 957 672 1015 huic,
700 958 842 1019 longo
868 959 949 1005 sed
974 959 1217 1022 proximus
1243 959 1511 1016 intervallo,
1646 982 1710 1014 320

274 1023 543 1086 insequitur
571 1024 753 1080 Salius;
791 1025 941 1087 spatio
968 1039 1075 1088 post
1100 1026 1275 1073 deinde
1303 1026 1470 1072 relicto

276 1090 442 1137 tertius
471 1090 702 1152 Euryalus
722 1112 734 1147 ;

275 1157 630 1220 Euryalumque
654 1157 893 1219 Helymus
915 1158 1159 1221 sequitur3
1192 1177 1287 1222 quo
1307 1159 1482 1206 deinde
1500 1159 1586 1205 sub
1606 1158 1707 1220 ipso

277 1240 387 1270 ecce
413 1224 555 1281 volat,
584 1224 862 1287 calcemque
890 1226 1000 1272 terit
1027 1225 1120 1272 iam
1147 1227 1277 1273 calce
1303 1226 1489 1282 DioreS,

275 1290 560 1337 incumbens
589 1307 784 1347 umero;
822 1291 970 1353 spatia
998 1305 1045 1338 et
1071 1292 1106 1338 si
1132 1293 1268 1354 plura
1294 1292 1546 1354 supersint,

276 1370 482 1404 transeat
508 1357 691 1419 elapsus
719 1357 846 1419 prior
873 1358 1208 1419 ambiguumve
1235 1358 1490 1420 relinquat.

275 1424 466 1486 iamque
493 1424 591 1470 fere
618 1424 769 1486 spatio
798 1437 1011 1471 extremo
1038 1425 1243 1487 fessique
1269 1425 1354 1470 sub
1380 1425 1529 1486 ipsam

276 1490 421 1537 finem
447 1490 785 1548 adventabant,
814 1491 906 1537 levi
936 1508 1046 1538 cum
1072 1491 1300 1552 sanguine
1328 1490 1474 1537 Nisus

274 1557 452 1604 labitur
476 1556 662 1615 infelix,
686 1557 830 1604 caesis
860 1570 911 1604 ut
938 1558 1061 1604 forte
1088 1557 1301 1604 iuvencis

276 1624 406 1670 fusus
432 1625 634 1671 humum
661 1624 934 1687 viridesque
962 1641 1102 1687 super
1127 1625 1445 1671 madefecerat
1471 1623 1654 1670 herbas,

274 1690 394 1737 hic
382 1690 567 1737 luvenis
595 1690 687 1737 iam
715 1691 870 1737 victor
898 1709 1042 1738 ovans
1069 1691 1263 1752 vestigia
1289 1708 1446 1765 presso
1652 1715 1710 1745 331

275 1757 403 1803 haud
430 1756 587 1804 tenuit
614 1757 818 1803 titubata
847 1758 978 1814 solo;
1015 1758 1095 1804 sed
1125 1775 1301 1820 pronus
1328 1757 1377 1803 in
1404 1758 1505 1819 ipso

276 1822 488 1870 concidit
514 1823 848 1886 inmundoque
877 1823 988 1869 fimo
1015 1841 1241 1886 sacroque
1268 1841 1450 1871 cruore.

277 1907 374 1936 non
402 1903 561 1936 tamen
590 1890 801 1950 Euryali,
833 1907 930 1935 non
958 1890 1040 1936 ille
1067 1890 1241 1936 oblitus
1269 1907 1512 1936 amorum:

277 1973 387 2003 nam
418 1973 515 2002 sese
541 1956 761 2019 opposuit
794 1956 919 2002 Salio
947 1974 1033 2018 per
1058 1956 1239 2003 lubrica
1266 1974 1488 2018 surgens,

276 2023 358 2069 ille
385 2035 544 2069 autem
571 2023 712 2085 spissa
741 2022 889 2069 iacuit
917 2024 1158 2069 revolutus
1184 2025 1374 2070 harena.

277 2089 450 2136 emicat
481 2089 729 2151 Euryalus,
760 2103 806 2135 et
835 2106 1033 2136 munere
1059 2090 1211 2136 victor
1236 2090 1375 2136 amici

275 2156 427 2219 prima
455 2169 602 2214 tenet,
629 2157 899 2219 plausuque
925 2157 1054 2203 volat
1080 2157 1371 2220 fremituque
1397 2157 1622 2204 secundo.

275 2236 381 2285 post
407 2223 644 2284 Helymus
673 2223 815 2281 subit,
846 2236 892 2269 et
920 2240 1049 2270 nunc
1077 2223 1215 2270 tertia
1241 2224 1396 2286 palma
1421 2223 1608 2271 DioreS.

276 2289 354 2335 hic
383 2302 538 2336 totum
565 2307 736 2336 caveae
765 2307 1038 2337 consessum
1063 2290 1269 2350 ingentis
1296 2303 1343 2336 et
1369 2307 1448 2336 ora
1652 2314 1714 2344 340

276 2355 428 2418 prima
454 2369 643 2418 patrum
673 2357 854 2417 magnis
884 2356 1034 2403 Salius
1062 2356 1345 2403 clamoribus
1371 2355 1540 2418 inplet,

278 2434 595 2485 ereptumque
623 2423 733 2468 dolo
761 2423 894 2469 reddi
923 2422 1008 2469 sibi
1035 2422 1186 2484 poscit
1211 2423 1459 2469 honorem.

280 2501 463 2534 tutatur
488 2489 621 2534 favor
648 2489 923 2550 Euryalum,
945 2488 1260 2550 lacrimaeque
1287 2489 1501 2545 decorae,

279 2554 453 2616 gratior
479 2568 526 2601 et
551 2555 754 2617 pulchro
781 2556 979 2601 veniens
1005 2554 1055 2600 in
1083 2571 1275 2616 corpore
1302 2554 1465 2601 virtuS.

282 2621 476 2668 adiuvat
503 2634 550 2667 et
575 2638 744 2682 magna
770 2621 1034 2684 proclamat
1059 2638 1174 2667 voce
1200 2620 1386 2678 Diores,

283 2687 365 2750 qui
393 2687 538 2734 subiit
564 2688 764 2750 palmae,
792 2688 1057 2750 frustraque
1084 2688 1142 2733 ad
1166 2687 1374 2749 praemia
1401 2686 1534 2733 venit

714 2765 788 2814 326
819 2765 1112 2815 ambiguumque
1132 2765 1227 2804 codd.
