1861 3256
542 250 875 287 GEORGICON
905 250 1008 287 LIB.
1039 250 1103 287 III

136 359 278 420 iunge
304 375 432 420 pares
459 369 505 403 et
532 373 644 416 coge
670 356 864 416 gradum
891 357 1106 403 conferre
1133 355 1358 403 iuvencos
1381 377 1396 414 ;

136 439 275 489 atque
301 425 394 472 illis
422 424 516 470 iam
543 440 679 485 saepe
706 437 835 469 rotae
862 424 1096 470 ducantur
1122 423 1286 470 inanes

133 511 217 556 per
243 506 412 539 terram
439 504 485 537 et
512 507 698 536 summo
725 490 920 550 vestigia
944 492 1140 553 pulvere
1168 491 1390 552 signent3

133 573 238 623 post
263 559 419 605 valido
444 558 602 604 nitens
629 557 714 603 sub
739 557 949 619 pondere
978 559 1160 619 faginus
1186 559 1283 605 axis

133 628 362 690 instrepat
387 639 434 672 et
458 626 647 671 iunctos
675 637 804 670 temo
830 625 982 671 trahat
1009 643 1167 672 aereus
1192 627 1344 673 orbes·

133 695 314 741 interea
338 693 453 756 pubi
480 692 740 739 indomitae
767 709 864 737 non
891 693 1100 752 gramina
1125 707 1312 740 tantum

132 779 222 808 nec
249 778 407 807 vescas
435 760 633 806 salicum
661 759 849 805 frondes
877 760 1131 822 ulvamque
1156 761 1426 823 palustrem,

133 829 214 875 sed
239 829 478 874 frumenta
502 844 645 873 manu
673 844 831 889 carpes
858 840 986 881 sata;
1024 844 1112 873 nec
1141 828 1226 874 tibi
1253 829 1378 875 fetae

132 913 262 942 more
287 909 476 958 patrum
503 894 641 940 nivea
668 894 927 956 inplebunt
953 894 1229 941 mulctraria
1253 912 1443 954 vaccae,

132 963 213 1009 sed
237 975 334 1008 tota
360 963 410 1007 in
437 962 599 1007 dulces
628 975 915 1007 consument
941 962 1084 1008 ubera
1109 976 1258 1010 natos,

199 1029 270 1075 sin
297 1029 354 1075 ad
378 1029 504 1075 bella
530 1029 676 1089 magis
702 1029 914 1075 studium
943 1043 1211 1092 turmasque
1237 1031 1438 1087 feroces,

131 1110 212 1143 aut
236 1097 424 1159 Alphea
447 1096 561 1142 rotis
585 1096 794 1159 praelabi
822 1095 1020 1142 flumina
1049 1097 1182 1143 Pisae
1327 1112 1329 1114 ·

131 1177 179 1211 et
204 1164 328 1210 Iovis
356 1164 406 1210 in
433 1164 543 1210 luco
571 1181 730 1210 currus
758 1163 930 1224 agitare
958 1165 1186 1223 volantes,

129 1231 310 1294 primus
337 1231 445 1294 equi
472 1231 604 1277 labor
631 1245 699 1278 est
726 1231 906 1277 animos
932 1245 1073 1294 atque
1099 1248 1226 1278 arma
1249 1231 1410 1279 videre

129 1299 395 1345 bellantum
421 1299 657 1361 lituosque
684 1299 781 1361 pati
810 1312 1058 1361 tractuque
1083 1312 1356 1360 gementem

130 1367 253 1412 ferre
278 1379 430 1412 rotam
456 1380 503 1412 et
529 1366 714 1412 stabulo
742 1367 899 1412 frenos
927 1366 1086 1412 audire
1113 1380 1369 1413 sonantes·
1357 1403 1370 1423 ,

131 1446 234 1479 tum
259 1433 404 1493 magis
431 1447 570 1495 atque
597 1433 741 1494 magis
770 1433 952 1479 blandis
979 1434 1181 1508 gaudere
1208 1433 1414 1495 magistri

129 1501 348 1547 laudibus
375 1514 420 1546 et
442 1501 632 1575 plausae
660 1500 870 1546 sonitum
897 1500 1091 1547 cervicis
1119 1518 1288 1548 amare

130 1581 270 1631 atque
297 1567 450 1613 haec
439 1585 533 1613 iam
559 1567 711 1628 primo
732 1567 953 1629 depulsus
981 1568 1036 1613 ab
1063 1569 1206 1614 ubere
1233 1568 1392 1614 matris

129 1636 313 1692 audeat,
341 1634 488 1697 inque
514 1634 672 1680 vicem
700 1635 780 1680 det
807 1635 1032 1680 mollibus
1058 1652 1136 1680 ora
1164 1635 1386 1710 capistris.

129 1702 364 1748 invalidus
392 1702 630 1776 etiamque
658 1714 882 1757 tremens,
913 1701 1057 1747 etiam
1083 1701 1260 1748 inscius
1287 1701 1402 1748 aevi.

129 1782 174 1816 at
200 1769 344 1816 tribus
372 1768 548 1815 exactis
579 1769 658 1814 ubi
689 1782 851 1831 quarta
878 1769 1130 1815 accesserit
1156 1782 1317 1826 aestas,

129 1853 317 1898 carpere
343 1853 454 1882 mox
481 1853 651 1897 gyrum
678 1836 882 1897 incipiat
908 1836 1220 1900 gradibusque
1247 1854 1409 1884 sonare

127 1903 399 1965 compositis
426 1903 680 1966 sinuetque
710 1903 892 1950 alterna
919 1904 1164 1950 volumina
1192 1921 1400 1962 crurum,

127 1971 281 2034 sitque
308 1971 538 2017 laboranti
567 1971 731 2016 similis
754 1991 767 2027 3
808 1984 910 2018 tum
937 1972 1148 2018 cursibus
1175 1989 1318 2029 auras,

126 2051 230 2085 tum
254 2052 409 2096 vocet,
437 2055 489 2084 ac
517 2055 600 2100 per
628 2052 789 2101 aperta
815 2039 978 2085 volans
1005 2056 1092 2085 ceu
1120 2039 1239 2085 liber
1265 2039 1461 2086 habenis

128 2123 329 2169 aequora
354 2105 433 2151 vix
460 2122 644 2151 summa
672 2106 866 2166 vestigia
891 2120 1038 2168 ponat
1063 2108 1237 2153 harena
1259 2126 1273 2160 3

127 2173 279 2236 qualis
306 2173 629 2235 Hyperboreis
654 2174 834 2236 Aquilo
861 2191 971 2220 cum
997 2174 1168 2220 densus
1195 2174 1252 2220 ab
1277 2174 1366 2220 oris

127 2240 361 2297 incubuit,
393 2240 708 2303 Scythiaeque
736 2240 916 2286 hiemes
944 2255 1086 2304 atque
1113 2241 1239 2287 arida
1265 2241 1425 2288 differt

129 2308 326 2355 nubila:
365 2321 467 2354 tum
494 2321 672 2368 segetes
702 2308 821 2354 altae
852 2309 1103 2371 campique
1130 2322 1344 2355 natantes

129 2375 316 2422 lenibus
341 2377 627 2422 horrescunt
654 2375 829 2433 flabris,
859 2393 1166 2439 summaeque
1193 2394 1412 2423 sonorem

129 2442 242 2488 dant
267 2443 426 2500 silvae,
452 2443 678 2506 longique
707 2456 911 2504 urguent
938 2444 995 2490 ad
1020 2443 1157 2490 litora
1184 2443 1357 2491 fluctus
1381 2465 1395 2500 3

129 2508 212 2554 ille
237 2510 363 2556 volat
389 2511 528 2556 simul
556 2527 662 2556 arva
689 2511 813 2571 fuga,
843 2511 982 2557 simul
1011 2529 1211 2574 aequora
1235 2529 1438 2558 verrens,

129 2575 208 2621 hic
234 2576 308 2621 vel
334 2577 392 2623 ad
418 2577 522 2624 Elei
549 2591 696 2623 metas
727 2592 773 2625 et
801 2579 1010 2625 maxima
1036 2579 1192 2641 campi

131 2642 315 2688 sudabit
341 2645 486 2705 spatia
513 2658 560 2691 et
585 2662 771 2706 spumas
799 2660 905 2707 aget
932 2664 1009 2693 ore
1037 2660 1270 2704 cruenta5‚

132 2709 326 2769 Belgica
350 2710 424 2755 vel
452 2711 584 2756 molli
611 2713 780 2758 melius
808 2714 929 2760 feret
958 2714 1117 2760 esseda
1144 2714 1285 2760 collo.

149 2786 220 2824 188
253 2787 391 2826 audiat.
509 2799 581 2837 190
611 2790 803 2836 acceperit.
917 2803 992 2828 202
1018 2790 1121 2829 hinc.
1235 2801 1312 2837 204
1343 2788 1485 2826 bellica.

1517 451 1577 480 170

1515 1111 1576 1143 180

1513 1794 1574 1825 190
