1861 3256
552 263 882 302 GEORGICON
911 264 1014 302 Lm.
1044 264 1086 301 11
1529 277 1574 317 51

143 384 342 436 possunt
368 384 508 434 atque
534 370 629 416 ima
655 370 832 416 similes
858 370 1144 417 revirescere
1169 383 1293 417 terra
1314 392 1328 428 ;

141 439 316 486 infelix
343 450 531 501 superat
556 437 681 483 foliis
709 437 912 483 oleaster
937 438 1118 485 amaris.

210 524 300 553 nec
328 506 414 553 tibi
441 518 536 551 tam
563 504 771 566 prudens
798 504 1048 567 quisquam
1073 506 1356 568 persuadeat
1382 519 1548 553 auctor

142 574 368 621 tellurem
395 573 545 619 Borea
572 571 772 632 rigidam
799 571 1007 633 spirante
1035 590 1242 621 movere.

139 658 247 687 rura
272 640 381 701 gelu
409 652 510 686 tum
537 638 717 685 claudit
741 638 943 701 hiemPS‚
973 656 1062 686 nec
1089 640 1272 686 semine
1298 640 1423 688 iacto

142 720 420 755 concretam
445 706 622 769 patitur
646 705 858 752 radicem
884 705 1086 766 adfigere
1115 719 1283 755 terrae.

140 774 324 837 optima
350 773 524 820 vinetis
550 773 682 831 satio,
709 790 820 819 cum
844 790 955 819 vere
981 774 1173 820 rubenti

142 841 347 888 candida
371 841 506 888 venit
531 840 626 887 avis
653 840 805 900 longis
832 840 984 886 invisa
1012 841 1236 899 colubris,
1521 867 1582 896 320

139 909 294 971 prima
320 909 396 954 vel
424 907 642 954 autumni
669 908 752 953 sub
780 907 972 968 frigora,
1000 925 1109 954 cum
1136 909 1327 971 rapidus
1357 910 1435 955 Sol

141 975 359 1021 nondum
378 975 591 1021 hiemem
611 974 853 1035 contingit
880 974 1026 1037 equis,
1048 975 1141 1021 iam
1163 976 1392 1037 praeterit
1418 989 1581 1023 aestas.

140 1059 223 1088 ver
248 1042 365 1088 adeo
392 1042 551 1088 frondi
578 1058 848 1098 nemorum,
874 1059 956 1088 ver
982 1042 1102 1088 utile
1130 1042 1258 1088 silvis
1281 1064 1295 1099 ;

140 1126 253 1156 vere
280 1122 470 1156 tument
496 1122 646 1156 terrae
673 1123 720 1156 et
745 1109 975 1170 genitalia
1001 1109 1182 1156 semina
1208 1124 1428 1172 poscunt.

141 1189 243 1223 tum
268 1189 402 1239 pater
427 1176 733 1239 omnipotens
761 1177 980 1223 fecundis
1007 1176 1238 1222 imbribus
1263 1178 1448 1223 Aether

142 1243 355 1305 coniugis
381 1243 431 1290 in
457 1244 692 1304 gremium
719 1245 873 1290 laetae
900 1244 1166 1302 descendit,
1195 1257 1241 1289 et
1268 1261 1434 1290 omnes

141 1328 336 1372 magnus
362 1311 447 1358 alit
472 1328 644 1372 magno
670 1311 957 1358 commixtus
985 1327 1184 1373 corpore
1211 1311 1351 1358 fetus.

141 1378 242 1425 avia
268 1393 370 1425 tum
395 1391 618 1424 resonant
644 1378 806 1424 avibus
833 1378 1039 1439 virgulta
1065 1378 1264 1435 canoris,

143 1458 191 1492 et
216 1446 461 1492 Venerem
487 1445 625 1492 certis
651 1459 879 1507 repetunt
906 1460 1119 1492 armenta
1145 1446 1312 1492 diebus
1334 1466 1349 1502 3

139 1512 342 1575 parturit
368 1513 519 1559 almus
545 1529 666 1573 ager,
695 1513 1009 1576 Zephyrique
1036 1513 1311 1576 tepentibus
1339 1513 1460 1559 auris
1525 1538 1586 1568 330

142 1580 305 1626 laxant
330 1597 435 1626 arva
460 1579 588 1626 sinus
611 1600 625 1636 3
663 1593 852 1641 superat
880 1593 1017 1626 tener
1043 1580 1265 1626 omnibus
1293 1597 1430 1626 umor
1451 1600 1465 1637 ;

141 1646 290 1710 inque
315 1664 459 1693 novos
486 1647 605 1692 soles
632 1647 811 1692 audent
838 1663 885 1693 se
912 1647 1125 1707 germina
1153 1660 1255 1693 tuto

140 1714 352 1771 credere,
378 1730 466 1760 nec
493 1713 668 1759 metuit
693 1727 939 1774 surgentes
963 1714 1218 1776 pampinus
1243 1714 1442 1761 Austros

140 1793 220 1827 aut
245 1793 405 1827 actum
431 1781 564 1827 caelo
591 1780 771 1840 magnis
798 1781 1122 1843 Aquilonibus
1149 1781 1368 1839 imbrem,

139 1849 223 1895 sed
249 1847 396 1894 trudit
421 1864 627 1909 gemmas
657 1861 702 1894 et
729 1848 925 1894 frondes
955 1848 1163 1911 explicat
1188 1866 1370 1896 omnes.

139 1932 237 1961 non
263 1915 378 1961 alios
401 1915 555 1977 prima
582 1915 839 1961 crescentis
868 1916 1051 1975 origine
1078 1916 1246 1962 mundi

139 1982 368 2029 inluxisse
393 1981 491 2029 dies
519 1982 726 2029 aliumve
755 1983 975 2029 habuisse
1002 1997 1218 2030 tenorem

140 2049 428 2097 crediderim
452 2068 463 2096 ε
499 2067 581 2095 ver
608 2049 730 2096 illud
761 2064 874 2107 erat,
901 2068 985 2097 ver
1009 2067 1207 2111 magnus
1235 2051 1401 2111 agebat

139 2116 278 2175 orbis,
308 2129 354 2163 et
380 2117 590 2162 hibernis
617 2117 878 2180 parcebant
904 2117 1092 2163 flatibus
1119 2118 1251 2175 Euri,

141 2200 252 2231 cum
278 2184 455 2246 primae
483 2185 642 2230 lucem
668 2185 877 2247 pecudes
904 2186 1116 2242 hausere,
1144 2185 1397 2247 virumque
1526 2210 1587 2239 340

141 2251 292 2298 ferrea
317 2251 568 2313 progenies
595 2251 721 2298 duris
751 2265 894 2313 caput
922 2252 1094 2298 extulit
1121 2252 1257 2309 arvis,

141 2317 454 2381 inmissaeque
481 2319 606 2365 ferae
635 2318 762 2365 silvis
790 2332 836 2365 et
864 2319 1012 2365 sidera
1040 2320 1186 2366 caelo,

142 2400 230 2431 nec
255 2402 325 2431 res
351 2387 481 2432 hunc
510 2399 701 2432 tenerae
728 2400 922 2448 possent
947 2388 1158 2449 perferre
1187 2387 1419 2444 laborem,

144 2450 179 2496 si
205 2468 301 2497 non
328 2465 460 2499 tanta
486 2453 620 2516 quies
646 2454 737 2500 iret
764 2454 1005 2517 frigusque
1034 2455 1342 2517 caloremque

143 2516 284 2575 inter,
309 2532 355 2566 et
382 2520 626 2582 exciperet
652 2521 771 2567 caeli
799 2521 1102 2582 indulgentia
1129 2535 1288 2569 terraS.

212 2586 338 2647 quod
378 2601 605 2649 superest,
649 2605 981 2651 quaecumque
1023 2606 1210 2652 premes
1253 2589 1460 2650 virgulta
1500 2603 1584 2648 per

345 2669 492 2713 agros,

144 2734 307 2781 sparge
334 2718 445 2764 fimo
469 2721 654 2782 pingui,
682 2736 728 2768 et
753 2723 904 2769 multa
929 2740 1111 2769 memor
1137 2723 1304 2769 occule
1332 2735 1468 2778 terra,

156 2795 232 2845 316
262 2796 421 2834 moveri.
482 2809 557 2846 330
587 2799 850 2838 trementibus.
913 2812 986 2848 332
1018 2801 1201 2848 gramina.
1263 2810 1333 2848 341
1369 2806 1498 2836 terrea.
