1866 3208
278 212 351 262 328
723 214 765 252 P.
796 212 1030 252 VERGILI
1060 214 1318 253 MARONIS

341 319 410 366 bis
436 335 569 366 senos
595 319 817 382 pepigere
843 319 959 376 dies,
987 332 1033 366 et
1057 336 1171 382 pace
1197 332 1434 383 sequestra

338 403 420 448 per
446 386 582 432 silvas
609 385 790 432 Teucri
816 385 1052 449 mixtique
1077 386 1258 449 inpune
1284 386 1442 433 Latini

339 469 545 499 erravere
572 452 704 513 iugis.
776 452 902 498 ferro
927 465 1058 499 sonat
1084 454 1175 500 alta
1199 452 1393 515 bipenni

339 518 547 564 fraxinus
571 539 584 575 ;
622 531 840 565 evertunt
865 532 986 566 actas
1011 520 1066 566 ad
1093 520 1242 566 sidera
1265 519 1404 582 pinus
1426 541 1439 576 ;

339 585 500 631 robora
525 601 611 631 nec
640 585 802 632 cuneis
823 598 870 632 et
895 586 1104 632 olentem
1132 587 1345 633 scindere
1371 587 1583 644 cedrum,

339 668 427 698 nec
455 651 671 714 plaustris
698 665 880 698 cessant
907 666 1092 699 vectare
1118 652 1416 714 gementibus
1442 670 1592 700 ornos,

406 731 452 764 et
477 718 568 764 iam
595 719 735 764 Fama
760 720 935 776 volans,
966 720 1085 766 tanti
1110 719 1391 782 praenuntia
1415 720 1587 775 luctus,

339 785 614 830 Euandrum
642 785 948 848 Euandrique
974 786 1134 832 domos
1161 799 1207 832 et
1233 786 1420 832 moenia
1443 787 1611 848 replet,
1706 813 1763 841 140

337 868 456 913 quae
483 851 624 897 modo
650 851 876 899 victorem
902 853 1040 899 Latio
1067 853 1278 899 Pallanta
1303 852 1498 900 ferebat.

336 918 542 964 Arcades
567 918 625 964 ad
649 931 802 980 portas
827 935 976 976 ruere,
1003 933 1050 965 et
1075 919 1131 965 de
1157 936 1286 966 more
1312 932 1499 966 vetusto

338 985 555 1030 funereas
581 1001 773 1046 rapuere
801 986 952 1040 faces3
989 986 1119 1032 lucet
1143 986 1217 1032 via
1243 987 1382 1047 longo

337 1051 502 1097 ordine
528 1050 841 1108 flammarum,
869 1064 914 1098 et
940 1052 1031 1098 late
1057 1052 1350 1099 discriminat
1377 1069 1519 1112 agros.

338 1130 503 1164 contra
529 1118 663 1164 turba
691 1118 928 1178 Phrygum
954 1119 1147 1164 veniens
1173 1119 1444 1181 plangentia
1470 1120 1677 1181 iungunt

337 1184 536 1244 agmina.
608 1201 725 1247 quae
752 1198 999 1247 postquam
1026 1199 1192 1232 matres
1219 1186 1473 1232 succedere
1499 1186 1633 1232 tectis

336 1251 576 1306 viderunt,
602 1264 824 1297 maestam
851 1251 1116 1297 incendunt
1142 1252 1421 1298 clamoribus
1449 1253 1630 1299 urbem.

336 1331 379 1364 at
406 1335 501 1364 non
531 1318 807 1364 Euandrum
834 1318 954 1380 potis
982 1330 1050 1363 est
1075 1318 1142 1364 vis
1171 1319 1267 1364 ulla
1292 1331 1488 1372 tenere3

336 1385 416 1431 sed
441 1384 572 1431 venit
598 1384 646 1430 in
674 1385 869 1431 medios.
941 1385 1111 1431 feretro
1140 1385 1350 1431 Pallanta
1374 1398 1559 1447 reposto

335 1451 591 1514 procubuit
618 1468 773 1514 super,
800 1465 939 1514 atque
973 1453 1136 1498 haeret
1166 1451 1511 1514 lacrimansque
1544 1468 1761 1513 gemens-

469 1535 576 1581 que,
1705 1544 1763 1573 150

335 1598 380 1630 et
406 1585 479 1630 via
506 1585 582 1630 vix
611 1586 803 1632 tandem
830 1586 933 1632 voci
961 1586 1112 1632 laxata
1135 1585 1294 1631 dolore
1321 1599 1389 1632 est
1414 1604 1423 1632 ε

303 1656 313 1675 ‘
336 1667 428 1696 non
455 1654 587 1707 haec,
616 1669 643 1698 o
671 1653 816 1709 Palla,
841 1653 1031 1699 dederas
1055 1652 1281 1714 promissa
1306 1653 1502 1713 parenti,
1865 1708 1866 1714 ¹

334 1718 515 1764 cautius
544 1731 594 1765 ut
620 1735 754 1765 saevo
781 1719 923 1765 velles
952 1732 995 1765 te
1023 1719 1213 1765 credere
1242 1719 1407 1764 Marti.
1854 1719 1866 1770 ‚l

334 1784 496 1829 haud
485 1801 671 1845 lgnarus
700 1801 839 1840 eram,
868 1798 1100 1858 quantum
1126 1802 1247 1831 nova
1271 1785 1451 1845 gloria
1440 1802 1488 1830 in
1516 1785 1653 1831 armis
1857 1800 1859 1802 ’

335 1863 380 1896 et
407 1851 658 1925 praedulce
684 1851 824 1897 decus
851 1851 1004 1925 primo
1030 1851 1285 1897 certamine
1310 1865 1478 1913 posset.

331 1917 567 1979 primitiae
594 1917 778 1963 iuvenis
803 1917 1013 1974 miserae,
1040 1917 1248 1980 bellique
1274 1918 1527 1980 propinqui

331 1984 445 2029 dura
472 1984 739 2030 rudimenta
765 1996 812 2030 et
839 1984 961 2030 nulli
990 1984 1210 2030 exaudita
1234 1984 1430 2030 deorum

331 2063 439 2096 vota
463 2067 719 2113 precesque
746 2067 876 2096 meae
901 2051 909 2097 Ξ
951 2063 1114 2113 tuque,
1140 2068 1167 2097 o
1192 2050 1482 2097 sanctissima
1507 2050 1733 2107 coniunx,

330 2117 446 2163 felix
474 2130 622 2164 morte
650 2130 742 2173 tua,
772 2133 928 2180 neque
955 2117 1004 2162 in
1030 2119 1158 2163 hunc
1185 2131 1361 2164 servata
1386 2118 1598 2164 dolorem
1622 2117 1631 2164 !
1845 2128 1861 2166 ἑκ

331 2197 495 2230 contra
521 2200 604 2244 ego
631 2184 834 2230 vivendo
860 2183 952 2230 vici
980 2201 1084 2230 mea
1110 2185 1221 2241 fata,
1247 2197 1477 2246 superstes
1701 2198 1759 2230 160

330 2263 550 2296 restarem
578 2264 629 2297 ut
654 2251 850 2311 genitor.
927 2251 1112 2297 Troum
1140 2250 1263 2299 socia
1290 2267 1415 2297 arma
1441 2263 1656 2297 secutum

329 2317 582 2363 obruerent
610 2317 777 2363 Rutuli
807 2317 942 2364 telis!
983 2317 1189 2363 animam
1217 2317 1314 2378 ipse
1340 2316 1589 2373 dedissem,

329 2395 469 2445 atque
497 2384 609 2430 haec
638 2401 810 2457 pompa
829 2384 1024 2429 domum
1046 2400 1136 2439 me,
1159 2400 1255 2429 non
1279 2383 1507 2439 Pallanta,
1527 2382 1751 2430 referret!
1849 2396 1863 2421 ὑ

332 2466 418 2495 nec
444 2466 525 2495 vos
551 2450 801 2510 arguerim,
828 2449 1024 2506 Teucri,
1053 2465 1142 2495 nec
1169 2450 1372 2506 foedera,
1397 2465 1485 2495 nec
1513 2466 1626 2512 quas

331 2515 572 2561 iunximus
597 2515 801 2577 hospitio
826 2516 1043 2562 dextras·
1032 2536 1045 2571 ;
1082 2533 1172 2562 sors
1198 2515 1282 2562 ista
1308 2529 1523 2562 senectae

331 2581 489 2628 debita
514 2595 611 2629 erat
639 2595 836 2628 nostrae.
907 2582 1034 2644 quod
1059 2582 1093 2628 si
1120 2582 1351 2629 inmatura
1377 2583 1594 2629 manebat

332 2665 451 2695 mors
477 2662 658 2705 natum,
684 2649 825 2695 caesis
850 2649 1132 2695 Volscorum
1158 2649 1349 2696 milibus
1375 2662 1480 2696 ante

510 2736 580 2776 135
604 2726 690 2764 icta.
847 2737 917 2775 149
950 2727 1137 2764 Pallante.
1297 2738 1364 2777 151
1399 2727 1513 2766 vocis.
