1861 3256
615 255 892 295 AENEIDos
922 256 1026 296 LIB.
1054 256 1119 294 111
1545 264 1616 304 153

184 365 493 412 crebrescunt
517 375 706 426 optatae
733 380 884 421 aurae,
910 377 1169 428 portusque
1193 364 1396 428 patescit
1559 389 1622 420 530

184 432 279 479 iam
303 431 510 495 propior,
539 430 869 494 templumque
896 445 1089 493 apparet
1115 432 1165 478 in
1192 449 1298 478 arce
1325 431 1596 481 Minervae.

183 499 291 546 vela
316 500 483 560 legunt
508 497 621 544 socii
650 511 696 543 et
719 514 880 560 proras
909 498 967 544 ad
993 498 1132 545 litora
1158 512 1400 562 torquent.

182 580 348 628 portus
375 565 430 612 ab
457 565 614 611 Euroo
639 563 789 610 fluctu
816 578 1033 611 curvatus
1059 565 1109 611 in
1136 582 1328 623 arcum3

185 633 399 679 obiectae
426 632 540 678 salsa
566 643 788 694 spumant
814 630 1093 693 adspergine
1120 646 1293 691 cautes,

185 699 286 762 ipse
313 700 429 746 latet
453 717 464 746 :
502 698 692 759 gemino
720 698 986 744 demittunt
1011 699 1231 746 bracchia
1256 716 1392 746 muro

184 766 341 812 turriti
369 765 552 828 scopuli
578 764 846 828 refugitque
873 765 929 811 ab
958 765 1099 811 litore
1127 767 1378 829 templum.

184 846 407 896 quattuor
431 832 528 889 hic,
551 832 759 895 primum
786 849 945 889 omen,
976 849 1118 895 equos
1145 833 1195 878 in
1222 833 1434 893 gramine
1459 832 1558 880 vidi

182 900 440 946 tondentes
468 917 689 962 campum
716 900 824 957 late,
853 899 1060 946 candore
1086 899 1249 946 nivali.

183 979 230 1014 et
254 979 392 1029 pater
414 966 646 1013 Anchises
676 965 903 1023 ‘bellum‚
931 983 958 1012 0
986 978 1109 1012 terra
1132 967 1333 1029 hospita,
1359 980 1516 1030 portas
1542 985 1551 1014 ε

181 1034 313 1080 bello
341 1046 583 1079 armantur
611 1032 734 1096 equi,
762 1033 947 1079 bellum
974 1034 1090 1080 haec
1118 1048 1335 1080 armenta
1359 1034 1619 1080 minantur.

181 1100 263 1147 sed
290 1112 449 1146 tamen
476 1100 604 1147 idem
630 1100 746 1146 olim
772 1117 910 1147 curru
938 1100 1194 1147 succedere
1221 1101 1341 1147 sueti
1559 1125 1619 1155 541

180 1167 530 1231 quadrupede8‚
558 1180 606 1214 et
631 1167 766 1214 frena
791 1167 899 1228 iugo
927 1168 1183 1214 concordia
1209 1167 1332 1214 ferre
1356 1186 1367 1214 ε

180 1251 283 1297 spes
312 1247 358 1281 et
383 1234 544 1297 paciS,'
572 1234 649 1281 ait.
722 1234 1049 1281 tum-numina
1075 1247 1235 1281 sancta
1257 1251 1510 1297 precamur

183 1301 390 1348 Palladis
416 1301 692 1360 armisonae,
720 1318 838 1365 quae
864 1302 1017 1364 prima
1045 1301 1231 1365 accepit
1256 1315 1467 1360 ovantes,

180 1381 229 1414 et
254 1368 410 1431 capita
435 1382 547 1415 ante
573 1386 670 1415 aras
699 1369 906 1431 Phrygio
932 1369 1144 1415 velamur
1169 1368 1378 1426 amictu;

178 1435 542 1498 praeceptisque
568 1436 769 1494 Heleni,
798 1436 995 1482 dederat
1020 1453 1141 1499 quae
1167 1435 1385 1494 maxima,
1412 1436 1502 1482 rite

179 1502 360 1548 Iunoni
385 1502 588 1563 Argivae
613 1502 758 1549 iussos
786 1503 1029 1550 adolemus
1055 1505 1276 1550 honores.

178 1569 307 1615 haud
333 1586 478 1627 mora,
507 1569 741 1616 continuo
767 1570 993 1633 perfectis
1020 1570 1189 1616 ordine
1216 1570 1336 1616 votis

179 1653 359 1682 cornua
382 1636 649 1682 velatarum
675 1637 968 1683 obvertimus
995 1649 1327 1682 antemnarum

180 1702 610 1766 Graiugenumque
636 1703 801 1749 domos
830 1716 1139 1766 suspectaque
1167 1703 1430 1766 linquimus
1457 1720 1577 1751 arva.

176 1769 292 1816 hinc
319 1769 446 1816 sinus
474 1769 726 1827 Herculei,
753 1769 789 1816 si
815 1787 926 1816 vera
953 1783 1022 1816 est
1047 1770 1187 1828 fama,
1216 1770 1422 1817 Tarenti
1559 1795 1618 1825 551

178 1836 420 1893 cernitur3
457 1837 638 1883 attollit
665 1854 711 1883 se
738 1836 845 1883 diva
873 1837 1072 1884 Lacinia
1098 1850 1266 1884 contra

179 1903 508 1967 Caulonisque
533 1920 662 1950 arces
691 1917 738 1950 et
766 1904 1064 1965 navifragum
1092 1905 1393 1967 Scylaceum.

176 1983 279 2017 tum
304 1971 473 2034 procul
502 1988 526 2017 e
553 1970 702 2018 fluctu
731 1971 987 2018 Trinacria
1015 1971 1228 2018 cernitur
1251 1973 1427 2030 Aetna,

179 2050 225 2084 et
251 2037 484 2099 gemitum
510 2037 759 2100 ingentem
785 2039 944 2102 pelagi
972 2039 1255 2102 pulsataque
1281 2056 1386 2085 saxa

176 2105 395 2151 audimus
420 2105 562 2166 longe
588 2106 858 2169 fractasque
887 2106 945 2152 ad
971 2105 1110 2152 litora
1135 2122 1292 2163 voces,

177 2172 515 2235 exsultantque
540 2172 660 2219 vada
687 2186 830 2236 atque
860 2185 990 2219 aestu
1018 2173 1281 2219 miscentur
1305 2173 1528 2220 harenae.

177 2252 224 2285 et
250 2252 384 2302 pater
408 2239 645 2286 Anchises
673 2258 683 2287 :
723 2244 736 2265 ‘
754 2239 981 2286 nimirum
1011 2240 1130 2286 haec
1158 2239 1242 2286 illa
1271 2239 1568 2301 Charybdis;

175 2307 261 2352 hos
286 2306 509 2353 Helenus
536 2307 771 2369 scopulos,
800 2307 920 2354 haec
949 2323 1055 2353 saxa
1081 2307 1318 2353 horrenda
1344 2307 1564 2354 canebat.

179 2372 362 2434 eripite,
389 2391 416 2420 o
442 2373 575 2432 socii,
601 2374 875 2437 pariterque
901 2373 1132 2435 insurgite
1155 2374 1330 2422 remiS.’
1556 2389 1620 2428 560

176 2438 306 2485 haud
329 2440 486 2488 minus
511 2457 564 2488 ac
591 2440 700 2488 iussi
727 2441 929 2499 faciunt,
957 2442 1235 2505 primusque
1261 2441 1516 2489 rudentem

179 2507 407 2553 contorsit
431 2508 585 2554 laevas
609 2526 796 2571 proram
825 2508 1077 2556 Palinurus
1104 2510 1164 2556 ad
1189 2509 1338 2555 undas
1364 2528 1374 2555 ε

179 2570 363 2619 laevam
388 2588 561 2621 cuncta
587 2577 756 2622 cohors
780 2575 922 2622 remis
947 2577 1200 2640 ventisque
1225 2575 1412 2638 petivit.

179 2636 394 2685 tollimur
418 2639 469 2685 in
495 2642 684 2689 caelum
709 2656 903 2689 curvato
929 2644 1128 2704 gurgite,
1157 2657 1204 2689 et
1228 2643 1358 2689 idem

180 2703 411 2751 subducta
437 2706 496 2752 ad
521 2708 696 2755 Manes
722 2708 840 2755 imos
867 2706 1138 2756 desedimus
1162 2710 1306 2756 unda.

556 2793 628 2834 535
661 2785 876 2824 dimittunt.
937 2787 1009 2836 558
1041 2786 1116 2825 hic.
