1866 3208
246 241 325 292 284
697 243 740 280 P.
771 241 1005 280 VERGILI
1034 241 1290 280 MARoN1s

313 349 502 412 iamque
529 349 586 395 ad
613 347 822 410 Messapi
849 348 997 395 socios
1024 350 1250 396 tendebat
1271 370 1285 407 ;
1322 349 1386 396 ibi
1413 349 1572 409 ignem

313 416 518 462 deficere
547 427 816 460 extremum
843 429 889 461 et
913 415 1129 476 religatos
1156 416 1245 462 rite
1270 415 1463 461 videbat

312 499 505 544 carpere
531 497 725 555 gramen
754 497 932 543 equos:
970 482 1177 529 breviter
1202 499 1311 529 cum
1338 482 1449 528 talia
1474 482 1689 529 Nisus—

310 547 456 595 sensit
483 547 612 593 enim
640 546 788 593 nimia
814 548 959 594 caede
985 561 1125 612 atque
1151 549 1378 612 cupidine
1404 548 1584 595 ferri—-

279 613 613 671 ‘absistamusss
641 613 720 671 ait,
751 618 763 638 ‘
784 630 896 660 nam
921 615 1041 661 lux
1030 615 1225 662 mimica
1250 614 1554 678 propinquat.

309 697 573 743 poenarum
601 682 884 727 exhaustum
912 681 1019 727 satis
1047 694 1150 738 est3
1187 682 1261 727 via
1288 682 1411 727 facta
1437 698 1522 744 per
1546 682 1736 728 hostes.'
1847 673 1853 746 ξ

310 747 461 793 multa
486 746 642 793 virum
669 747 820 793 solido
847 761 1042 808 argento
1069 749 1281 810 perfecta
1308 747 1588 810 relinquunt
1850 748 1855 778 ⁶

310 830 531 876 armaque
558 826 855 876 craterasque
883 814 1021 860 simul
1049 815 1369 877 pulchrosque
1397 827 1591 876 tapetas.
1851 828 1857 861 ι

311 880 540 941 Euryalus
567 880 784 942 phaleras
811 880 1094 927 Rhamnetis
1123 893 1169 927 et
1194 898 1331 927 aurea
1358 880 1500 927 bullis
1852 885 1858 946 ξ

311 946 519 1021 cingulaz
545 946 741 992 Tiburti
771 947 980 993 Remulo
1006 947 1261 994 ditissimus
1287 947 1402 994 olim
1681 962 1742 1002 360
1854 978 1860 1026 ἰ

310 1029 430 1075 quae
457 1012 606 1060 mittit
631 1013 772 1070 dona,
799 1013 1006 1076 hospitio
1034 1030 1144 1060 cum
1170 1014 1390 1075 iungeret
1415 1015 1596 1072 absens,
1855 1036 1863 1091 ἶ

313 1079 586 1136 Caedicus;
623 1079 708 1125 ille
735 1096 819 1126 suo
845 1079 1052 1126 moriens
1079 1081 1157 1127 dat
1183 1081 1356 1126 habere
1383 1080 1584 1155 nepoti3

310 1159 417 1209 post
443 1159 647 1193 mortem
675 1146 804 1192 bello
832 1146 1000 1192 Rutuli
1027 1164 1279 1221 pugnaque
1306 1147 1481 1209 potiti:
1856 1107 1866 1231 ξ

311 1215 429 1259 haec
456 1213 579 1275 rapit
605 1226 747 1275 atque
775 1212 949 1259 umeris
977 1214 1268 1288 nequiquam
1295 1214 1491 1260 fortibus
1518 1225 1663 1275 aptat.

313 1292 414 1326 tum
439 1280 621 1340 galeam
651 1279 857 1342 Messapi
886 1280 1098 1326 habilem
1124 1279 1371 1342 cristisque
1396 1280 1618 1326 decoram

310 1346 486 1393 induit.
559 1346 801 1392 excedunt
828 1345 989 1392 castris
1017 1359 1064 1393 et
1091 1359 1191 1392 tuta
1219 1359 1484 1408 capessunt.

378 1412 561 1459 interea
586 1412 827 1475 praemissi
858 1412 1040 1475 equites
1067 1429 1122 1459 ex
1149 1413 1264 1459 urbe
1291 1412 1478 1469 Latina,

311 1492 470 1526 cetera
496 1479 611 1525 dum
639 1479 763 1540 legio
788 1480 966 1542 campis
993 1479 1224 1526 instructa
1250 1492 1474 1537 moratur,

312 1546 446 1593 ibant
472 1558 520 1593 et
546 1546 718 1592 Turno
744 1546 840 1607 regi
870 1563 1092 1609 responsa
1119 1547 1352 1604 ferebant,

314 1626 384 1659 ter
409 1626 622 1670 centum,
649 1613 820 1659 scutati
847 1630 1030 1671 omnes,
1058 1613 1300 1660 Volcente
1325 1613 1562 1674 magistro.
1683 1636 1745 1667 370

313 1679 503 1742 iamque
528 1679 918 1742 propinquabant
945 1679 1105 1726 castris
1132 1696 1362 1742 muroque
1388 1679 1624 1735 subibant,

313 1762 422 1793 cum
448 1746 615 1808 procul
643 1747 727 1791 hos
756 1747 892 1792 laevo
918 1745 1168 1792 flectentes
1195 1746 1349 1792 limite
1375 1758 1594 1802 cernunt,

314 1826 361 1859 et
385 1813 518 1873 galea
545 1812 806 1873 Euryalum
833 1812 1056 1858 sublustri
1086 1812 1241 1858 noctis
1267 1812 1317 1858 in
1344 1813 1508 1858 umbra

313 1878 526 1941 prodidit
551 1878 869 1925 inmemorem
896 1879 1133 1942 radiisque
1159 1879 1350 1925 adversa
1375 1879 1576 1925 refulsit.

313 1945 441 1991 haud
455 1958 634 1992 temere
653 1958 721 1992 est
731 1945 900 1992 visum.
956 1946 1224 1992 conclamat
1235 1946 1293 1991 ab
1305 1945 1490 2005 agmine
1504 1945 1714 1991 Volcens
1733 1962 1743 1991 :

282 2017 446 2068 ‘state,
472 2011 575 2058 viri.
648 2029 768 2074 quae
795 2028 932 2058 causa
957 2012 1095 2059 viae?
1133 2012 1275 2075 quive
1302 2012 1410 2058 estis
1436 2012 1486 2058 in
1513 2011 1689 2058 armis?

314 2095 468 2142 quove
495 2078 667 2125 tenetis
694 2079 782 2124 iter
802 2078 844 2125 ?'
916 2079 1037 2125 nihil
1065 2079 1136 2124 illi
1165 2078 1363 2125 tendere
1389 2091 1569 2136 contra,

314 2145 397 2192 sed
422 2145 630 2192 celerare
657 2146 819 2206 fugam
846 2145 895 2191 in
923 2145 1058 2191 silvas
1085 2158 1132 2192 et
1158 2145 1303 2191 fidere
1329 2145 1477 2192 nocti.

313 2211 532 2259 obiciunt
560 2212 743 2274 equites
769 2229 869 2259 sese
895 2211 954 2258 ad
980 2211 1183 2258 divortia
1210 2225 1322 2258 nota

313 2278 429 2325 hinc
471 2291 615 2341 atque
657 2278 786 2336 hinc,
833 2295 1121 2342 omnemque
1158 2278 1340 2325 abitum
1381 2277 1577 2324 custode
1614 2292 1746 2323 coro-

452 2357 584 2392 nant.
1686 2357 1748 2398 380

315 2411 431 2457 silva
457 2410 549 2457 fuit
575 2411 671 2457 late
697 2411 854 2458 dumis
879 2425 1023 2474 atque
1049 2411 1160 2457 ilice
1186 2411 1316 2471 nigra

315 2477 520 2535 horrida,
548 2494 690 2539 quam
716 2477 851 2524 densi
880 2477 1179 2539 complerant
1205 2476 1416 2539 undique
1440 2489 1597 2523 sentes
1623 2496 1635 2532 ;

317 2561 417 2590 rara
440 2561 526 2606 per
551 2544 764 2590 occultos
793 2543 985 2590 lucebat
1012 2543 1179 2590 semita
1204 2543 1365 2590 calles.

317 2610 577 2672 Euryalum
604 2610 830 2657 tenebrae
857 2626 1095 2656 ramorum
1122 2626 1414 2672 onerosaque
1438 2609 1612 2672 praeda

318 2676 577 2740 inpediunt
604 2675 824 2740 fallitque
851 2675 994 2723 timor
1020 2675 1212 2737 regione
1239 2676 1437 2723 viarum.

470 2764 542 2804 375
575 2766 716 2802 aggere.
855 2752 931 2803 380
960 2751 1120 2792 aditum.
1233 2753 1305 2802 383
1339 2753 1507 2791 ducebat.
