1861 3256
286 257 335 298 54
731 246 775 284 P.
805 244 1038 282 VERGILI
1068 245 1327 283 MARONIS

349 351 646 398 sollicitanda
670 363 830 396 tamen
857 350 995 396 tellus
1019 350 1266 413 pulvisque
1291 350 1564 406 movendus,

351 431 397 465 et
421 418 514 464 iam
539 417 731 463 maturis
756 417 1036 463 metuendus
1061 418 1276 480 Iuppiter
1302 417 1416 464 uvis.

418 497 582 530 contra
609 499 703 528 non
731 483 826 528 ulla
852 496 919 530 est
943 484 1056 530 oleis
1083 485 1300 540 cultura;
1336 500 1489 546 neque
1515 483 1622 530 illae
1713 510 1776 540 420

347 566 627 612 procurvam
653 562 928 611 exspectant
953 551 1123 597 falcem
1148 563 1403 612 rastrosque
1433 563 1633 608 tenaces,

350 632 460 662 cum
486 615 630 661 semel
655 617 905 663 haeserunt
929 618 1044 663 arvis
1072 634 1292 679 aurasque
1319 617 1530 662 tulerunt
1551 636 1566 673 ;

348 683 447 743 ipsa
474 681 579 727 satis
607 682 762 738 tellus,
790 699 900 729 cum
928 684 1071 730 dente
1098 683 1358 729 recluditur
1384 699 1522 737 unco,

347 748 518 794 sufficit
544 765 756 795 umorem
785 762 830 795 et
855 751 1062 809 gravidas
1089 767 1196 796 cum
1222 766 1410 795 vomere
1437 749 1605 810 fruges.

345 815 435 860 hoc
461 814 687 876 pinguem
715 828 759 861 et
783 816 1005 878 placitam
1034 817 1142 862 Paci
1170 815 1371 862 nutritor
1395 815 1585 862 olivam.

413 898 555 943 poma
582 898 784 944 quoque,
812 896 862 928 ut
888 883 1094 944 primum
1122 896 1314 929 truncos
1341 899 1522 928 sensere
1548 881 1758 929 valentes

347 959 394 993 et
418 947 538 992 vires
564 948 770 994 habuere
797 966 911 1006 suas,
941 950 999 995 ad
1025 950 1173 995 sidera
1198 949 1367 1011 raptim

347 1014 392 1059 vi
418 1014 606 1076 propria
632 1014 851 1060 nituntur
877 1016 1070 1079 opisque
1096 1017 1223 1062 haud
1247 1016 1408 1076 indiga
1434 1028 1632 1062 nostrae.

347 1097 435 1126 nec
463 1080 619 1126 minus
645 1080 824 1126 interea
851 1081 950 1128 fetu
978 1099 1144 1129 nemus
1169 1100 1310 1129 omne
1335 1082 1576 1144 gravescit,

346 1146 707 1209 sanguineisque
735 1147 917 1193 inculta
942 1149 1115 1194 rubent
1141 1149 1310 1195 aviaria
1335 1149 1475 1195 bacis.
1716 1173 1779 1203 430

346 1214 604 1260 tondentur
629 1213 781 1274 cytisi,
812 1215 966 1260 taedas
993 1215 1105 1261 silva
1130 1217 1221 1262 alta
1245 1215 1494 1271 ministrat,

345 1293 697 1342 pascunturque
725 1281 853 1340 ignes
881 1281 1104 1328 nocturni
1131 1295 1178 1327 et
1203 1282 1385 1328 lumina
1409 1282 1633 1328 fundunt.

348 1359 395 1392 et
420 1346 639 1392 dubitant
664 1347 880 1393 homines
909 1365 1055 1394 serere
1082 1362 1219 1411 atque
1245 1348 1505 1410 inpendere
1531 1352 1728 1394 curam?

347 1413 462 1476 quid
488 1413 662 1459 maiora
688 1431 851 1475 sequar
876 1417 891 1459 ?
963 1415 1127 1460 salices
1153 1415 1452 1476 humilesque
1477 1414 1682 1475 genistae

348 1493 425 1526 aut
453 1479 559 1526 illae
584 1480 745 1541 pecori
772 1480 991 1526 frondem
1019 1495 1098 1527 aut
1123 1480 1381 1543 pastoribus
1409 1481 1622 1527 umbram

347 1546 599 1604 sufficiunt,
628 1564 908 1610 saepemque
937 1547 1041 1593 satis
1068 1562 1114 1594 et
1139 1547 1308 1609 pabula
1331 1547 1480 1595 melli.

347 1627 394 1660 et
418 1613 545 1660 iuvat
572 1614 834 1660 undantem
862 1614 989 1660 buxo
1016 1628 1224 1675 spectare
1252 1614 1484 1675 Cytorum

347 1680 677 1742 Naryciaeque
702 1680 819 1742 picis
848 1680 993 1736 lucos,
1022 1680 1150 1727 iuvat
1175 1698 1280 1727 arva
1304 1680 1464 1727 videre

347 1763 444 1792 non
470 1747 640 1803 rastris,
665 1746 918 1793 hominum
946 1765 1042 1793 non
1070 1747 1155 1793 ulli
1182 1747 1385 1793 obnoxia
1409 1764 1562 1794 curae.

347 1813 473 1874 ipsae
502 1813 741 1859 Caucaseo
768 1813 946 1859 steriles
974 1814 1022 1859 in
1050 1814 1224 1860 vertice
1252 1813 1409 1871 silvae,
1718 1837 1780 1868 440

348 1896 459 1942 quas
486 1879 682 1925 animosi
711 1881 823 1926 Euri
852 1880 1043 1926 adsidue
1071 1881 1387 1944 franguntque
1414 1881 1686 1942 feruntque,

347 1946 461 1992 dant
487 1946 601 1991 alios
628 1946 745 1992 aliae
774 1947 908 2003 fetus,
937 1947 1052 1993 dant
1079 1947 1196 1993 utile
1222 1948 1404 2008 lignum

347 2012 540 2073 navigiis
566 2013 719 2075 pinos,
748 2013 965 2060 domibus
992 2014 1282 2077 cedrumque
1308 2030 1678 2077 cupressosque;

347 2079 460 2126 hinc
487 2080 637 2126 radios
665 2080 834 2126 trivere
860 2080 984 2136 rotiS,
1012 2080 1125 2127 hinc
1152 2094 1375 2142 tympana
1397 2080 1614 2142 plaustris

348 2146 590 2206 agricolae,
621 2160 666 2192 et
692 2147 868 2208 pandas
895 2147 1071 2193 ratibus
1097 2164 1291 2210 posuere
1318 2147 1510 2193 carinas.

346 2213 604 2259 viminibus
632 2214 811 2269 salices,
842 2214 1072 2260 fecundae
1099 2214 1343 2260 frondibus
1371 2213 1504 2270 ulmi,

348 2291 394 2325 at
419 2293 596 2340 myrtus
623 2280 788 2326 validis
816 2280 1062 2326 hastilibus
1090 2294 1136 2327 et
1160 2281 1282 2327 bona
1310 2280 1436 2326 bello

349 2362 516 2391 cornus
541 2367 553 2401 ;
592 2348 801 2393 Ituraeos
829 2347 922 2393 taxi
950 2360 1229 2410 torquentur
1253 2347 1301 2392 in
1328 2363 1474 2393 arcus·

349 2428 437 2457 nec
465 2412 593 2458 tiliae
621 2413 746 2458 leves
774 2426 854 2459 aut
881 2427 1018 2460 torno
1044 2414 1177 2460 rasile
1203 2414 1382 2459 buxum

349 2495 447 2524 non
475 2478 672 2524 formam
699 2479 940 2540 accipiunt
965 2480 1182 2541 ferroque
1209 2493 1433 2526 cavantur
1458 2491 1610 2526 acuto.
1715 2501 1778 2533 450

351 2561 440 2590 nec
468 2562 564 2590 non
592 2557 639 2590 et
666 2557 922 2591 torrentem
949 2546 1125 2591 undam
1151 2545 1265 2591 levis
1291 2545 1473 2592 innatat
1498 2546 1629 2591 alnus

351 2611 488 2657 missa
514 2611 639 2656 Pado
662 2631 676 2667 ;
713 2627 800 2657 nec
828 2629 923 2657 non
951 2625 997 2658 et
1022 2629 1129 2674 apes
1156 2612 1374 2659 examina
1400 2612 1613 2659 condunt

352 2677 701 2740 corticibusque
727 2678 848 2724 cavis
874 2678 1161 2742 vitiosaeque
1187 2679 1307 2725 ilicis
1335 2679 1452 2726 alvo.

779 2764 854 2804 435
887 2756 989 2793 tiliae
1002 2766 1069 2807 pro
1087 2756 1174 2793 illae
1194 2756 1292 2794 Serv.
