1861 3256
565 245 840 284 AENEmos
869 245 972 284 Lm.
1000 245 1043 284 Η
1488 256 1561 294 119

122 353 310 417 iamque
337 353 433 400 dies
459 352 652 399 infanda
678 351 834 397 aderat
857 372 871 408 ;
908 352 1025 399 mihi
1052 370 1177 400 sacra
1200 351 1370 415 parari,

123 434 169 467 et
194 421 335 467 salsae
361 421 529 480 fruges,
559 433 605 465 et
631 418 813 464 circum
841 431 1053 481 tempora
1077 419 1239 466 vittae.

123 487 289 549 eripui,
316 488 479 543 fateor,
505 487 601 533 leto
627 502 720 542 me,
747 497 794 531 et
820 485 1014 532 vincula
1038 486 1142 550 rupi
1165 507 1179 543 ;

122 554 380 618 limosoque
407 554 512 600 lacu
539 570 622 616 per
648 566 843 599 noctem
870 552 1093 599 obscurus
1119 553 1168 599 in
1196 554 1305 600 ulva

121 621 303 676 delitui,
331 621 446 667 dum
472 621 576 667 vela
600 620 784 677 darent,
815 619 850 666 si
879 619 997 666 forte
1023 620 1277 667 dedissent.

120 704 209 734 nec
237 688 355 734 mihi
381 688 472 734 iam
498 686 696 750 patriam
724 686 969 750 antiquam
997 704 1097 749 spes
1124 688 1220 734 ulla
1245 685 1453 744 videndi,

120 771 209 800 nec
237 755 400 801 dulces
426 769 558 802 natos
585 767 960 818 exoptatumque
987 767 1233 816 parentem
1257 775 1271 811 ;

119 839 233 885 quos
259 822 330 868 illi
356 821 448 868 fors
475 836 521 869 et
545 838 718 884 poenas
747 821 807 868 ob
834 835 993 868 nostra
1017 835 1267 883 reposcent

120 887 308 950 effugia,
335 902 380 935 et
407 889 597 952 culpam
622 889 746 935 hanc
777 888 1054 935 miserorum
1081 902 1230 935 morte
1255 887 1472 951 piabunt.
1505 912 1566 942 140

118 956 244 1019 quod
269 969 315 1002 te
340 973 426 1018 per
452 973 642 1018 superos
670 970 716 1003 et
746 956 935 1003 conscia
959 955 1159 1002 numina
1184 955 1298 1013 veri,

116 1040 216 1086 per,
242 1022 276 1068 si
304 1040 394 1086 qua
421 1037 505 1080 est,
532 1040 649 1086 quae
681 1037 824 1070 restet
850 1023 1001 1070 adhuc
1030 1022 1308 1070 mortalibus
1335 1039 1530 1086 usquam

117 1089 398 1136 intemerata
422 1089 552 1148 fides,
578 1108 671 1147 oro,
705 1091 923 1137 miserere
951 1090 1164 1137 laborum

117 1171 372 1214 tantorum,
401 1158 622 1205 miserere
655 1157 801 1205 animi
829 1175 925 1204 non
952 1157 1093 1219 digna
1118 1155 1340 1203 ferentis.'

183 1224 255 1271 his
280 1225 488 1272 lacrimis
514 1225 659 1272 vitam
692 1225 874 1282 damuS,
901 1239 946 1271 et
971 1223 1314 1271 miserescimus
1341 1223 1480 1270 ultro.

116 1291 214 1353 ipse
244 1291 338 1338 viro
362 1292 541 1355 primus
571 1291 780 1340 manicas
810 1306 947 1356 atque
975 1305 1071 1338 arta
1096 1286 1239 1337 levari

116 1359 274 1405 vincla
299 1358 431 1406 iubet
459 1359 684 1416 Priamus,
718 1360 953 1423 dictisque
979 1359 1043 1406 ita
1069 1359 1190 1405 fatur
1216 1356 1378 1405 amicis
1402 1376 1412 1404 ε

116 1425 324 1490 quisquis
350 1443 413 1482 es,
439 1426 624 1473 amissos
656 1426 772 1473 hinc
803 1426 895 1473 iam
921 1425 1197 1472 obliviscere
1227 1425 1395 1471 Graios
1420 1444 1429 1471 2

116 1507 273 1540 noster
299 1493 386 1539 eris
409 1513 422 1549 ;
460 1493 674 1557 mihique
707 1495 823 1540 haec
854 1493 1050 1540 edissere
1080 1510 1184 1539 vera
1209 1492 1407 1553 roganti.

117 1577 210 1623 quo
276 1560 454 1607 molem
522 1562 645 1608 hanc
724 1560 930 1607 inmanis
1001 1559 1109 1623 equi
1178 1573 1378 1606 statuere
1401 1562 1417 1605 ?
1467 1558 1568 1622 quis

251 1641 413 1674 auctor
432 1631 449 1673 ?
724 1630 729 1633 ‘
1509 1649 1570 1679 150

116 1693 287 1758 quidve
312 1698 517 1756 petunt?
555 1712 674 1758 quae
701 1693 866 1754 religio
893 1707 971 1740 aut
997 1709 1114 1756 quae
1134 1693 1357 1739 machina
1387 1692 1502 1740 belli
1523 1697 1538 1740 ?
1557 1693 1567 1713 ’

114 1761 309 1808 dixerat.
380 1761 460 1808 ille
489 1761 607 1808 dolis
638 1759 896 1808 instructus
923 1774 969 1808 et
995 1774 1090 1807 arte
1119 1760 1322 1821 Pelasga,

115 1827 301 1874 sustulit
327 1842 489 1875 exutas
518 1827 686 1875 vinclis
721 1828 777 1875 ad
803 1828 950 1875 sidera
974 1828 1151 1891 palmas
1177 1846 1187 1875 :

114 1913 208 1953 vos,
236 1895 412 1942 aeterni
439 1895 585 1956 ignes,
614 1909 661 1942 et
692 1913 789 1942 non
817 1895 1037 1942 violabile
1064 1908 1271 1942 vestrum

115 1974 256 2009 testor
282 1961 493 2020 numen‚'
519 1963 596 2019 ait,
627 1968 641 1988 ‘
664 1980 745 2009 vos
773 1980 873 2010 arae
901 1979 1127 2026 ensesque
1155 1962 1366 2019 nefandi,

114 2047 227 2093 quos
254 2029 366 2091 fugi,
394 2029 634 2094 vittaeque
669 2030 829 2087 deum,
856 2047 967 2093 quas
991 2030 1143 2076 hostia
1167 2029 1284 2091 gessi
1311 2048 1320 2076 ε

113 2097 179 2143 fas
205 2097 323 2144 mihi
352 2097 609 2144 Graiorum
641 2112 815 2145 sacrata
839 2097 1071 2144 resolvere
1096 2096 1210 2153 iura,

114 2165 178 2210 fas
204 2165 352 2211 odisse
379 2164 512 2223 viros,
542 2179 680 2229 atque
715 2164 876 2211 omnia
902 2164 1022 2210 ferre
1049 2163 1134 2210 sub
1159 2181 1302 2219 auras,

115 2231 150 2277 si
176 2249 266 2295 qua
291 2246 459 2294 tegunt
484 2250 494 2279 ε
533 2246 698 2279 teneor
729 2231 905 2295 patriae
932 2248 1021 2278 nec
1050 2230 1229 2292 legibus
1255 2230 1379 2278 ullis.

116 2312 165 2344 tu
192 2299 331 2346 modo
356 2299 592 2363 promissis
623 2316 825 2356 maneas,
855 2311 1125 2363 servataque
1151 2315 1302 2346 serves
1508 2311 1569 2344 160

118 2364 262 2412 Troia
287 2367 443 2425 fidem,
471 2367 507 2414 si
534 2384 642 2413 vera
671 2366 834 2422 feram,
863 2365 898 2412 si
925 2383 1095 2428 magna
1119 2365 1394 2428 rependam.

185 2434 335 2480 omnis
362 2451 462 2497 spes
489 2434 712 2482 Danaum
742 2447 789 2481 et
815 2433 971 2496 coepti
999 2433 1172 2480 fiducia
1198 2432 1311 2480 belli

120 2497 317 2546 Palladis
342 2501 526 2548 auxiliis
554 2518 738 2565 semper
767 2500 910 2548 stetit.
982 2500 1142 2563 inpius
1168 2517 1225 2546 ex
1253 2518 1347 2563 quo

120 2564 332 2626 Tydides
357 2569 437 2615 sed
464 2568 591 2615 enim
618 2569 948 2632 scelerumque
975 2568 1197 2615 inventor
1224 2567 1411 2623 Ulixes,

120 2632 259 2678 fatale
286 2633 482 2695 adgressi
510 2650 688 2683 sacrato
715 2636 916 2682 avellere
943 2636 1124 2697 templo

122 2698 402 2757 Palladium,
429 2702 569 2748 caesis
595 2720 803 2749 summae
831 2703 1102 2750 custodibus
1128 2702 1259 2757 arcis,

689 2792 762 2828 142
793 2787 922 2819 restat.
