1866 3208
535 271 809 309 AENEIDOS
840 270 944 307 LIB.
974 269 1037 306 XI
1446 280 1517 318 341

94 379 346 443 compositi
374 394 572 425 numero
598 376 647 421 in
676 388 866 422 turmas.
939 374 1098 421 fremit
1123 389 1323 436 aequore
1351 386 1451 419 toto

94 448 325 494 insultans
352 444 552 507 sonipeS,
580 457 626 489 et
652 442 818 504 pressis
844 455 1025 503 pugnat
1050 440 1245 487 habenis
1464 455 1526 485 fico

94 516 186 561 huc
213 514 434 560 obversus
462 523 507 558 et
531 512 661 557 huc·
648 546 662 566 ,
701 522 803 555 tum
830 509 924 554 late
952 509 1131 554 ferreus
1158 507 1299 554 hastis

93 583 252 627 horret
276 597 397 641 ager,
426 577 676 640 campique
705 575 841 621 armis
869 575 1152 621 sublimibus
1179 575 1359 621 ardent.

94 665 181 694 nec
208 664 305 693 non
335 647 579 707 Messapus
606 657 773 690 contra
799 643 1070 704 celeresque
1097 642 1255 687 Latini

95 728 141 761 et
167 730 277 761 cum
305 714 444 760 fratre
472 712 628 767 CoraS,
658 723 705 756 et
732 710 927 770 virginis
955 710 1027 755 ala
1055 708 1304 765 Camillae,

41 812 44 815 v
93 780 272 828 adversi
301 797 468 842 campo
493 791 721 841 apparent
746 779 993 839 hastasque
1018 775 1226 822 reductis

93 847 389 911 protendunt
414 848 552 921 longe
578 844 770 901 dextris,
799 857 845 890 et
872 843 1054 905 spicula
1078 842 1302 898 vibrant3

93 915 419 990 adventusque
444 913 598 959 virum
625 911 940 973 fremitusque
966 909 1166 956 ardescit
1192 925 1440 972 equorum.

92 981 282 1044 iamque
308 981 432 1027 intra
456 980 633 1026 iactum
662 979 745 1025 teli
774 995 1039 1041 progressus
1068 990 1267 1039 uterque

51 1063 54 1066 ·
93 1048 396 1095 substiterat:
434 1046 590 1093 subito
617 1058 877 1108 erumpunt
905 1045 1110 1091 clamore
1138 1044 1445 1104 furentesque

94 1117 406 1162 exhortantur
432 1131 611 1177 equos·
599 1149 613 1167 ‚
650 1114 862 1159 fundunt
888 1112 1028 1158 simul
1058 1111 1270 1173 undique
1298 1110 1390 1156 tela
1467 1124 1529 1154 610

93 1182 252 1230 crebra
277 1182 399 1228 nivis
424 1181 534 1238 ritu,
563 1181 843 1243 caelumque
871 1179 1114 1225 obtexitur
1144 1177 1324 1223 umbra.

93 1249 325 1296 continuo
352 1219 552 1295 adversis
580 1248 862 1310 Tyrrhenus
890 1260 936 1292 et
963 1263 1067 1292 acer
1092 1246 1336 1291 Aconteus

93 1316 253 1363 conixi
280 1316 533 1362 incurrunt
558 1315 714 1371 hastis,
743 1313 978 1376 primique
1006 1313 1191 1358 ruinam

92 1384 207 1430 dant
233 1383 390 1429 sonitu
418 1382 616 1444 ingenti,
645 1383 973 1444 perfractaque
1000 1378 1447 1442 quadrupedantum

91 1463 288 1513 pectora
313 1450 583 1512 pectoribus
609 1461 876 1511 rumpunt:
916 1464 1138 1493 excussus
1165 1447 1408 1491 Aconteus

94 1517 350 1563 fulminis
338 1534 389 1562 111
416 1533 611 1572 morem,
640 1529 719 1562 aut
746 1528 984 1562 tormento
1008 1512 1233 1576 ponderis
1260 1511 1369 1567 acti,

93 1584 373 1646 praecipitat
400 1584 553 1644 longe,
582 1596 628 1630 et
654 1582 801 1629 vitam
829 1580 1094 1644 dispergit
1085 1597 1135 1625 111
1162 1597 1307 1626 auras.

93 1652 336 1713 extemplo
363 1651 574 1698 turbatae
602 1649 738 1707 acies,
767 1649 982 1712 versique
1010 1646 1169 1694 Latini

92 1718 300 1764 reiciunt
326 1734 509 1780 parmas
537 1730 584 1763 et
611 1734 755 1780 equos
784 1717 840 1762 ad
864 1715 1053 1762 moenia
1078 1727 1288 1760 vertunt.

93 1785 245 1831 Troes
273 1798 452 1845 agunt3
488 1784 709 1846 princeps
738 1796 914 1829 turmas
942 1781 1132 1830 inducit
1155 1780 1321 1827 Asilas.
1470 1793 1531 1824 620

93 1852 281 1915 iamque
307 1851 691 1914 propinquabant
715 1850 878 1913 portis,
906 1865 1159 1911 rursusque
1185 1847 1343 1894 Latini

94 1919 348 1966 clamorem
375 1919 571 1975 tollunt,
597 1931 644 1964 et
671 1917 836 1963 mollia
863 1917 988 1962 colla
1014 1916 1271 1962 reflectunt
1298 1935 1311 1970 3

93 1986 142 2031 hi
170 1986 378 2046 fugiunt,
405 1985 694 2048 penitusque
720 1984 838 2030 datis
865 1984 1138 2030 referuntur
1163 1981 1376 2028 habenis.

94 2053 245 2115 qualis
273 2052 354 2098 ubi
382 2053 564 2098 alterno
590 2068 870 2114 procurrens
897 2050 1082 2111 gurgite
1109 2062 1282 2111 pontus

95 2136 226 2166 nunc
253 2118 349 2165 ruit
374 2118 454 2164 ad
457 2131 616 2175 terras,
642 2119 957 2192 scopulosque
989 2115 1244 2178 superiacit
1270 2114 1396 2160 unda

95 2203 333 2249 spumeus,
362 2198 719 2248 extremamque
747 2184 851 2231 sinu
877 2183 1126 2246 perfundit
1152 2184 1411 2228 harenam·
1401 2218 1413 2237 ,

95 2270 226 2300 nunc
252 2253 441 2315 rapidus
467 2265 591 2298 retro
619 2264 758 2314 atque
786 2264 915 2297 aestu
942 2251 1157 2297 revoluta
1184 2249 1429 2294 resorbens

96 2337 203 2366 saxa
229 2320 367 2380 fugit,
397 2319 606 2382 litusque
631 2319 752 2364 vado
777 2318 966 2364 labente
994 2316 1240 2379 relinquit.

96 2387 168 2432 bis
194 2387 346 2433 Tusci
374 2387 578 2432 Rutulos
605 2402 738 2446 egere
765 2385 824 2431 ad
850 2385 1038 2431 moenia
1064 2400 1246 2430 versos·
1234 2419 1248 2436 ,

98 2452 168 2498 bis
194 2453 358 2500 reiecti
386 2453 525 2500 armis
552 2465 822 2515 respectant
847 2465 977 2513 terga
1003 2464 1231 2513 tegentes.
1470 2461 1532 2500 630

100 2519 240 2564 tertia
266 2520 346 2565 sed
371 2534 619 2583 postquam
646 2519 878 2580 congressi
905 2519 953 2565 in
980 2518 1159 2593 proelia
1185 2530 1306 2563 totas

100 2584 401 2647 inplicuere
390 2600 515 2632 1nter
541 2604 587 2633 se
614 2586 750 2644 acies,
778 2586 989 2649 legitque
1014 2585 1168 2631 virum
1193 2584 1298 2629 vir:

102 2664 205 2698 tum
230 2668 340 2698 vero
366 2664 412 2697 et
435 2653 637 2711 gemitus
663 2653 971 2708 morientum,
1000 2665 1046 2699 et
1072 2650 1299 2725 sanguine
1327 2648 1376 2693 in
1404 2647 1499 2692 alto

103 2735 326 2780 armaque
352 2735 641 2780 corporaque
667 2732 714 2765 et
738 2719 963 2781 permixti
991 2718 1134 2764 caede
1161 2717 1368 2762 virorum

95 2796 168 2833 601
202 2808 416 2833 conversus.
464 2795 539 2844 609
570 2795 828 2834 substiterant.
886 2795 1149 2834 constiterant.
1209 2792 1284 2830 612
1316 2788 1471 2828 adversi.
