1861 3256
687 216 731 254 P.
761 214 998 252 VERGILI
1027 215 1288 254 MARONIS

307 323 547 385 extemplo
571 324 761 368 Aeneae
787 322 1033 369 solvuntur
1057 322 1225 383 frigore
1251 323 1462 369 membra
1485 343 1500 380 3

305 389 518 449 ingemit,
546 402 591 434 et
616 388 828 449 duplices
853 389 1049 435 tendens
1075 390 1133 436 ad
1156 390 1302 435 sidera
1325 390 1500 452 palmas

308 456 417 502 talia
441 472 556 500 voce
582 455 723 500 refert
750 472 761 501 :
800 461 856 500 ‘o
880 468 1043 518 terque
1068 470 1323 520 quaterque
1350 455 1487 512 beati,

309 521 410 585 quis
438 534 544 566 ante
571 537 649 566 ora
672 532 856 582 patrum
883 522 1055 568 Troiae
1082 523 1166 568 sub
1190 522 1438 568 moenibus
1463 522 1566 568 altis

306 587 506 646 contigit
530 600 754 648 oppetere
779 587 788 634 !
828 605 856 634 o
881 589 1101 635 Danaum
1127 588 1373 634 fortissime
1397 588 1549 648 gentis

307 653 513 714 Tydide,
542 670 680 699 mene
706 653 861 700 Iliacis
886 656 1168 701 occumbere
1195 654 1369 716 campis

305 737 401 766 non
427 720 631 781 potuisse
659 734 828 783 tuaque
854 721 1059 768 animam
1084 723 1205 767 hanc
1235 720 1478 767 effundere
1504 721 1683 778 dextra,

305 803 463 832 saevus
491 786 571 832 ubi
595 787 826 833 Aeacidae
852 788 949 834 telo
973 788 1095 834 iacet
1122 788 1319 845 Hector,
1349 788 1427 833 ubi
1454 787 1621 849 ingens

307 853 562 914 Sarpedon,
590 853 671 899 ubi
699 866 767 900 tot
794 854 960 900 Simois
986 868 1197 917 correpta
1223 855 1306 901 sub
1334 853 1469 900 undis
1674 879 1738 902 100

305 932 435 965 scuta
460 919 613 965 virum
638 920 880 983 galeasque
907 934 952 967 et
977 921 1114 967 fortia
1139 938 1332 983 corpora
1356 921 1502 967 volvit
1523 920 1566 967 ?'

375 985 482 1032 talia
509 986 699 1032 iactanti
726 987 922 1033 stridens
945 988 1184 1051 Aquilone
1210 988 1420 1049 procella

305 1053 467 1099 velum
493 1053 679 1098 adversa
703 1053 825 1109 ferit,
853 1052 1118 1116 fluctusque
1143 1055 1200 1100 ad
1225 1055 1370 1100 sidera
1396 1053 1535 1100 tollit.

305 1119 586 1179 franguntur
611 1119 727 1165 remi
754 1139 768 1176 ;
804 1133 905 1166 tum
931 1138 1063 1182 prora
1089 1121 1253 1168 avertit
1280 1135 1326 1168 et
1352 1121 1489 1167 undis

305 1185 384 1232 dat
409 1187 526 1232 latus
553 1206 566 1241 ;
602 1185 865 1248 insequitur
889 1188 1083 1233 cumulo
1108 1202 1383 1249 praeruptus
1408 1203 1553 1250 aquae
1583 1203 1734 1234 mons-

304 1252 353 1298 hi
381 1269 564 1298 summo
589 1252 637 1297 in
665 1252 813 1298 fluctu
839 1253 1063 1314 pendent,
1091 1254 1161 1299 his
1189 1255 1313 1300 unda
1338 1254 1583 1300 dehiscens

306 1332 475 1365 terram
501 1319 624 1364 inter
649 1318 820 1365 fluctus
845 1319 992 1382 aperit
1017 1340 1031 1376 ;
1067 1320 1180 1366 furit
1206 1333 1354 1367 aestus
1378 1320 1578 1366 harenis.

308 1398 397 1432 tres
424 1385 581 1431 Notus
607 1386 816 1447 abreptas
842 1385 891 1431 in
918 1403 1022 1431 saxa
1049 1383 1243 1432 latentia
1269 1399 1472 1449 torquet,

307 1469 412 1498 saxa
437 1466 608 1499 vocant
635 1453 740 1498 Itali
767 1452 931 1516 mediis
957 1469 1075 1515 quae
1102 1453 1150 1498 in
1177 1452 1399 1499 fluctibus
1425 1454 1555 1509 Aras,

307 1519 495 1564 dorsum
521 1519 711 1565 inmane
738 1519 853 1565 mari
879 1536 1065 1565 summo
1089 1539 1103 1573 3
1141 1532 1229 1565 tres
1257 1520 1407 1566 Eurus
1433 1519 1490 1565 ab
1514 1520 1610 1566 alto
1676 1543 1738 1567 110

306 1585 356 1631 in
383 1585 540 1631 brevia
566 1599 611 1632 et
639 1587 793 1647 Syrtes
820 1586 1321 1646 urguet—miserabile
1346 1586 1515 1633 visu—

306 1651 559 1714 inliditque
586 1652 712 1698 vadis
737 1667 876 1714 atque
903 1669 1064 1712 aggere
1092 1653 1240 1713 cingit
1263 1655 1478 1699 harenae.

308 1736 464 1775 unam,
493 1736 611 1781 quae
638 1719 809 1780 Lycios
835 1719 1075 1781 fidumque
1101 1719 1302 1765 vehebat
1329 1720 1560 1775 Oronten,

307 1785 447 1848 ipsius
474 1799 582 1832 ante
607 1787 768 1832 oculos
794 1785 958 1845 ingens
984 1803 1008 1830 a
1037 1786 1211 1832 vertice
1237 1799 1407 1847 pontus

306 1853 356 1898 in
382 1852 580 1914 puppim
606 1852 713 1898 ferit
741 1871 751 1898 ε
788 1852 1027 1898 excutitur
1051 1869 1321 1914 pronusque
1348 1852 1563 1912 magister

307 1919 511 1964 volvitur
534 1919 583 1964 in
611 1933 751 1981 caput
777 1939 790 1975 ;
827 1933 892 1965 ast
918 1918 1048 1964 illam
1076 1932 1144 1965 ter
1168 1918 1339 1965 fluctus
1366 1919 1543 1964 ibidem

307 1997 493 2048 torquet
520 2001 656 2045 agens
678 1985 875 2041 circum,
896 2000 942 2031 et
967 1985 1150 2047 rapidus
1177 1999 1307 2031 vorat
1332 2002 1530 2048 aequore
1555 1997 1735 2032 vertex,

307 2066 530 2114 apparent
556 2052 642 2098 rari
669 2066 832 2098 nantes
858 2052 906 2097 in
933 2052 1117 2112 gurgite
1143 2065 1286 2108 vasto,

307 2136 432 2164 arma
457 2118 609 2165 virum
637 2119 916 2180 tabulaeque
944 2133 990 2165 et
1016 2119 1162 2164 Tro'1'a
1187 2135 1295 2179 gaza
1319 2136 1401 2180 per
1427 2118 1587 2166 undas.

306 2185 398 2231 iam
423 2185 624 2231 validam
651 2185 821 2231 Ilionei
848 2203 1034 2242 navem,
1060 2185 1151 2232 iam
1178 2185 1306 2232 fortis
1331 2185 1518 2241 Achati,
1675 2208 1737 2231 120

308 2266 354 2298 et
379 2269 469 2314 qua
495 2267 655 2298 vectus
680 2252 823 2308 Abas,
849 2266 894 2298 et
925 2270 1014 2314 qua
1039 2252 1325 2312 grandaevus
1349 2252 1526 2307 Aletes,

307 2318 421 2364 vicit
447 2318 628 2380 hiemps
652 2339 665 2374 ;
702 2318 816 2364 laxis
843 2320 1042 2364 laterum
1068 2318 1368 2379 compagibus
1394 2334 1557 2363 omnes

308 2384 550 2445 accipiunt
575 2385 829 2430 inimicum*
851 2385 1050 2430 imbrem
1076 2385 1297 2447 rimisque
1323 2383 1561 2430 fatiscunt.

375 2450 553 2496 interea
577 2468 746 2510 magno
772 2451 955 2496 misceri
981 2468 1220 2517 murmure
1246 2463 1444 2512 pontum

309 2517 614 2579 emissamque
641 2517 847 2563 hiemem
873 2517 1014 2562 sensit
1042 2517 1298 2578 Neptunus
1326 2530 1372 2563 et
1396 2516 1500 2562 imis

309 2598 468 2645 stagna
493 2585 644 2630 refusa
670 2583 809 2638 vadis,
837 2583 1034 2643 graviter
1060 2597 1322 2629 commotus
1347 2603 1358 2638 3
1396 2597 1440 2629 et
1467 2584 1561 2629 alto

309 2650 595 2713 prospiciens
621 2667 800 2697 summa
826 2650 1065 2712 placidum
1092 2664 1231 2712 caput
1257 2650 1428 2697 extulit
1453 2649 1593 2697 unda.

862 2742 935 2778 104
966 2742 1126 2780 proram.
