1866 3208
248 232 325 271 344
697 220 741 258 P.
770 219 1006 258 VERGILI
1035 220 1293 258 MARoms

312 327 514 374 consilio
539 343 719 373 versare
745 325 880 371 dolos
905 324 1135 386 ingressus
1162 340 1210 375 et
1234 340 1353 383 astu,

312 393 486 456 incipit
510 395 626 439 haec
653 410 663 438 :
703 391 848 454 ‘quid
873 403 969 438 tam
997 394 1250 455 egregium,
1278 393 1313 439 si
1340 393 1519 440 femina
1545 393 1654 441 forti

312 460 413 507 fidis
441 463 599 522 equo?
635 458 827 504 dimitte
853 458 1029 520 fugam,
1055 473 1102 506 et
1127 474 1172 508 te
1199 459 1464 507 comminus
1490 477 1642 523 aequo

311 542 501 574 mecum
528 525 667 571 crede
694 525 810 581 solo,
835 541 1117 589 pugnaeque
1143 527 1336 586 accinge
1363 526 1564 587 pedestri
1589 547 1602 583 ;

310 593 404 639 iarn
429 608 610 647 nosces,
635 603 831 637 ventosa
859 591 979 638 ferat
1005 593 1081 639 cui
1107 593 1252 654 gloria
1278 593 1527 640 fraudem?

310 659 434 705 dixit
456 679 469 715 ;
506 672 551 704 at
576 658 657 704 illa
683 658 843 703 furens
870 658 1061 721 acrique
1087 677 1281 707 accensa
1306 659 1485 716 dolore,

311 725 454 773 tradit
480 741 657 787 equum
684 724 862 781 comiti,
891 725 1174 790 paribusque
1199 725 1372 773 resistit
1397 725 1447 771 in
1474 725 1629 782 armis,
1678 750 1739 780 710

311 809 422 839 ense
449 792 588 853 pedes
616 791 759 847 nud0‚
787 808 998 854 puraque
1026 792 1238 840 interrita
1266 809 1439 855 parma.

311 872 358 905 at
382 858 586 914 iuvenis,
610 857 777 904 vicisse
804 857 914 904 dolo
942 872 1083 917 ratus,
1110 861 1264 906 avolat
1290 859 1404 921 ipse,

310 925 438 971 haud
462 941 603 980 mora,
632 923 966 986 conversisque
993 925 1133 986 fugax
1162 927 1373 972 aufertur
1397 924 1608 981 habenis,

311 991 764 1055 quadrupedemque
792 991 942 1037 citum
969 992 1140 1038 ferrata
1165 993 1295 1038 calce
1323 991 1501 1052 fatigat.

281 1065 293 1086 ‘
311 1075 431 1104 vane
458 1058 617 1118 Ligus,
646 1057 909 1119 frustraque
937 1058 1105 1104 animis
1130 1059 1252 1105 elate
1279 1058 1506 1120 superbis,

312 1124 604 1188 nequiquam
630 1123 800 1186 patrias
829 1124 1019 1170 tentasti
1047 1125 1254 1172 lubricus
1281 1138 1400 1171 artes
1423 1144 1436 1178 ;

311 1208 399 1238 nec
428 1192 550 1237 fraus
578 1204 622 1236 te
650 1190 944 1236 incolumem
974 1191 1131 1238 fallaci
1159 1192 1365 1254 perferet
1390 1192 1534 1237 Auno
1553 1191 1564 1210 '
1593 1210 1602 1237 :

310 1260 424 1305 haec
452 1258 577 1303 fatur
602 1257 732 1317 virgo
761 1270 806 1303 et
831 1257 1105 1319 pernicibus
1132 1258 1268 1318 ignea
1292 1258 1467 1320 plantis

313 1324 479 1371 transit
505 1341 684 1386 equum
711 1340 866 1380 cursu,
897 1324 1135 1387 frenisque
1163 1325 1350 1370 adversa
1375 1323 1616 1386 prehensis

312 1391 616 1451 congreditur
640 1407 910 1453 poenasque
940 1390 1138 1437 inimico
1165 1407 1223 1437 ex
1251 1391 1479 1451 sanguine
1505 1389 1648 1436 sumit
1673 1408 1682 1436 :

311 1475 451 1521 quam
480 1457 620 1504 facile
646 1457 875 1519 accipiter
902 1474 1010 1503 saxo
1038 1474 1162 1504 sacer
1189 1458 1280 1503 ales
1307 1458 1363 1504 ab
1389 1457 1484 1503 alto
1679 1481 1739 1511 721

312 1524 618 1587 consequitur
643 1523 802 1585 pinnis
829 1523 1086 1570 sublimem
1113 1524 1161 1570 in
1190 1524 1317 1571 nube
1343 1523 1628 1580 columbam,

313 1597 737 1653 comprensamque
765 1604 911 1645 tenet,
943 1591 1237 1654 pedibusque
1264 1591 1494 1638 eviscerat
1521 1590 1653 1637 uncis
1677 1609 1690 1645 ;

313 1671 415 1704 tum
441 1675 580 1704 cruor
606 1671 652 1704 et
678 1657 836 1703 vulsae
865 1657 1093 1704 labuntur
1119 1658 1175 1704 ab
1200 1659 1389 1704 aethere
1414 1658 1622 1720 plumae.

379 1737 423 1770 at
449 1741 545 1770 non
572 1725 686 1770 haec
714 1724 856 1769 nullis
885 1724 1137 1770 hominum
1163 1737 1284 1770 sator
1309 1737 1449 1787 atque
1474 1723 1670 1770 deorum

312 1791 559 1837 observans
585 1790 734 1836 oculis
762 1806 948 1835 summo
977 1791 1109 1836 sedet
1135 1791 1253 1837 altus
1281 1791 1508 1852 Olympo·

313 1857 622 1918 Tyrrhenum
647 1855 832 1917 genitor
865 1857 1173 1902 Tarchonem
1200 1857 1248 1902 in
1275 1856 1453 1919 proelia
1477 1872 1608 1902 saeva

313 1923 522 1980 suscitat,
548 1936 593 1969 et
620 1922 822 1968 stimulis
850 1923 978 1968 haud
1006 1923 1229 1969 mollibus
1256 1923 1394 1969 inicit
1420 1922 1522 1968 iras.

313 2007 420 2051 ergo
446 1989 572 2036 inter
597 1989 763 2036 caedes
793 1990 1106 2064 cedentiaque
1133 1990 1319 2050 agmina
1346 1990 1574 2036 Tarchon

313 2057 462 2103 fertur
489 2073 628 2118 equo,
653 2055 884 2118 variisque
913 2056 1104 2116 instigat
1129 2056 1323 2102 vocibus
1349 2056 1457 2111 alas,
1680 2079 1741 2110 730

314 2123 510 2170 nomine
537 2139 775 2186 quemque
802 2139 990 2179 vocans,
1017 2122 1301 2185 reficitque
1290 2139 1338 2168 in
1363 2120 1544 2185 proelia
1567 2120 1739 2184 pulsos.

283 2190 413 2252 ‘quis
440 2203 608 2244 metus,
636 2207 663 2235 o
691 2206 955 2252 numquam
981 2189 1189 2246 dolituri,
1217 2207 1245 2235 o
1250 2205 1455 2263 semper
1480 2188 1659 2235 inertes

315 2256 575 2318 Tyrrheni,
605 2273 724 2319 quae
751 2269 882 2302 tanta
908 2255 1076 2302 animis
1103 2255 1299 2330 ignavia·
1315 2255 1477 2302 venit.
1470 2258 1485 2289 ἲ·

314 2323 493 2369 femina
517 2323 728 2385 palantes
755 2323 848 2383 agit
874 2335 1014 2385 atque
1039 2323 1154 2368 haec
1181 2321 1367 2382 agmina
1392 2319 1569 2367 vertit?

315 2406 408 2452 quo
435 2390 627 2445 ferrum,
655 2389 828 2450 quidve
855 2390 970 2435 haec
997 2389 1199 2449 gerimus
1227 2388 1319 2434 tela
1345 2387 1487 2433 inrita
1512 2386 1726 2433 dextris?

316 2469 363 2502 at
388 2472 484 2501 non
511 2455 560 2500 in
587 2455 827 2501 Venerem
854 2471 1014 2515 segnes
1041 2467 1367 2516 nocturnaque
1393 2453 1534 2509 bella,

318 2535 416 2579 aut,
443 2521 523 2568 ubi
552 2538 695 2567 curva
721 2522 887 2567 choros
914 2520 1087 2566 indixit
1114 2520 1228 2566 tibia
1254 2520 1445 2578 Bacchi,

317 2601 588 2650 exspectare
613 2588 751 2649 dapes
778 2600 824 2632 et
849 2587 1020 2648 plenae
1046 2588 1215 2649 pocula
1239 2603 1498 2633 mensae—

317 2655 394 2701 hic
417 2671 559 2711 amor,
581 2654 671 2699 hoc
699 2653 1089 2699 studium—dum
1110 2670 1231 2699 sacra
1253 2654 1486 2700 secundus
1506 2655 1740 2715 haruspex

459 2732 533 2781 708
565 2733 726 2771 laudem.
838 2730 912 2780 728
945 2730 1088 2769 incitat.
1201 2730 1274 2780 738
1307 2738 1526 2782 exspectate.
