1861 3256
561 251 896 290 GEORGICON
926 252 1030 289 LIB.
1060 251 1123 288 III
1543 251 1590 290 61

158 359 353 420 frigidus
378 366 428 405 in
455 358 697 405 Venerem
724 358 889 414 senior,
920 358 1182 421 frustraque
1207 357 1418 404 laborem

157 427 394 487 ingratum
420 425 575 482 trahit,
605 438 668 482 et,
693 424 729 470 si
756 425 943 487 quando
969 425 1026 471 ad
1050 424 1227 487 proelia
1251 438 1450 471 ventum
1477 439 1558 482 est,

158 507 210 540 ut
236 493 474 557 quondam
498 492 548 538 in
576 491 757 554 stipulis
783 508 978 552 magnus
1006 492 1105 538 sine
1132 491 1305 538 viribus
1331 491 1465 551 ignis,

155 560 390 607 incassum
414 559 542 606 furit.
615 575 724 619 ergo
750 559 928 604 animos
957 576 1221 622 aevumque
1247 559 1431 605 notabis
1533 584 1596 605 100

154 628 406 690 praecipue
430 648 442 684 ;
479 626 593 672 hinc
621 626 729 672 alias
755 639 871 672 artes
897 626 1175 689 prolemque
1200 640 1449 688 parentum

155 707 202 741 et
228 695 330 757 quis
357 694 529 756 cuique
556 693 688 739 dolor
712 693 857 750 victo,
885 710 1000 768 quae
1027 694 1173 753 gloria
1198 694 1395 756 palmae.

155 778 316 807 nonne
342 761 486 819 vides,
514 778 624 807 cum
650 760 897 822 praecipiti
926 761 1184 806 certamine
1213 777 1435 823 campum

118 836 123 861 ἱ
154 829 420 891 corripuere
445 842 684 890 ruuntque
711 827 843 873 effusi
871 843 1056 873 carcere
1084 844 1260 884 ουτως,

114 927 117 937 2
154 912 264 942 cum
291 913 392 958 spes
418 909 622 941 arrectae
647 894 894 950 iuvenum,
921 895 1296 957 exsultantiaque
1322 895 1480 942 haurit

115 1022 117 1024 Ι
153 963 293 1009 corda
317 980 459 1024 pavor
482 962 709 1024 pulsans?
744 961 815 1007 illi
842 961 1019 1008 instant
1045 962 1240 1008 verbere
1267 976 1389 1009 torto

117 1030 119 1032 ’
154 1044 199 1076 et
222 1029 359 1092 proni
386 1029 500 1076 dant
525 1030 638 1086 lora,
664 1029 792 1075 volat
817 1028 862 1074 vi
889 1029 1095 1075 fervidus
1123 1029 1216 1075 axis
1239 1050 1253 1085 ;

151 1096 338 1159 iamque
364 1097 585 1154 humiles,
614 1097 803 1159 iamque
830 1096 939 1142 elati
967 1096 1170 1142 sublime
1195 1097 1419 1142 Videntur

152 1172 252 1210 ae'ra
276 1181 360 1226 per
385 1181 588 1210 vacuum
616 1164 724 1210 ferri
752 1177 892 1226 atque
919 1164 1163 1223 adsurgere
1190 1164 1239 1209 in
1266 1181 1394 1209 auras
1417 1182 1432 1217 3

150 1248 240 1278 nec
267 1249 398 1277 mora
422 1248 511 1277 nec
537 1231 720 1294 requies
744 1252 758 1288 ;
796 1245 840 1277 at
866 1231 1021 1276 fulvae
1049 1231 1238 1276 nimbus
1259 1232 1460 1276 harenae
1532 1255 1595 1276 110

150 1299 347 1355 tollitur,
376 1312 629 1345 umescunt
655 1298 830 1361 spumis
857 1297 1065 1361 flatuque
1093 1312 1376 1359 sequentum
1401 1317 1411 1344 :

151 1378 307 1412 tantus
332 1383 460 1412 amor
485 1366 696 1422 laudum,
725 1379 881 1412 tantae
909 1379 975 1411 est
1004 1365 1200 1412 victoria
1225 1382 1382 1411 curae.

149 1433 327 1495 primus
353 1433 692 1479 Erichthonius
719 1450 884 1479 currus
911 1445 956 1478 et
983 1445 1203 1495 quattuor
1229 1450 1362 1478 ausus

149 1501 344 1561 iungere
371 1517 526 1562 equos,
554 1499 835 1562 rapidusque
860 1499 972 1545 rotis
998 1499 1209 1545 insistere
1235 1499 1399 1546 victor.

150 1568 284 1614 frena
311 1567 604 1613 Pelethronii
631 1567 861 1629 Lapithae
887 1584 1114 1629 gyrosque
1141 1567 1310 1612 dedere

148 1634 339 1696 inpositi
365 1634 502 1680 dorso
529 1647 668 1697 atque
697 1634 906 1696 equitem
932 1634 1136 1679 docuere
1164 1634 1248 1679 sub
1275 1633 1413 1679 armis

149 1702 374 1748 insultare
401 1701 498 1747 solo
524 1715 570 1747 et
596 1718 772 1761 gressus
798 1702 1057 1761 glomerare
1085 1700 1321 1762 superbos.

148 1786 320 1831 aequus
348 1781 545 1832 uterque
572 1769 714 1824 labor,
743 1785 889 1831 aeque
916 1767 1234 1830 iuvenemque
1261 1767 1468 1828 magistri

148 1836 406 1898 exquirunt
432 1836 733 1899 calidumque
760 1835 925 1881 animis
954 1849 1000 1882 et
1027 1834 1236 1881 cursibus
1264 1852 1433 1890 acrem,

148 1903 357 1966 quamvis
383 1920 520 1965 saepe
549 1904 657 1963 fuga
680 1920 832 1949 versos
859 1903 940 1948 ille
969 1902 1115 1963 egerit
1140 1904 1294 1948 hostes
1532 1927 1596 1948 120

145 1983 194 2017 et
218 1970 417 2033 patriam
444 1970 644 2032 Epirum
670 1971 842 2016 referat
869 1971 1106 2033 fortesque
1135 1971 1367 2031 Mycenas

147 2037 463 2101 Neptunique
489 2037 587 2100 ipsa
613 2038 817 2084 deducat
843 2037 1024 2097 origine
1051 2049 1259 2097 gentem.

213 2105 285 2150 his
312 2105 644 2151 animadversis
672 2104 849 2151 instant
875 2104 961 2149 sub
987 2117 1173 2165 tempus
1201 2117 1246 2150 et
1271 2120 1434 2149 omnes

147 2171 419 2235 inpendunt
445 2189 580 2218 curas
605 2172 750 2218 denso
776 2171 1045 2217 distendere
1072 2171 1251 2232 pingui,

148 2256 290 2303 quem
315 2240 471 2300 legere
497 2239 670 2285 ducem
698 2252 744 2285 et
768 2238 930 2300 pecori
957 2238 1120 2284 dixere
1147 2238 1370 2284 maritum
1395 2257 1405 2284 ε

147 2306 464 2370 florentesque
491 2320 652 2353 secant
677 2306 841 2352 herbas
869 2305 1130 2368 fluviosque
1156 2305 1427 2352 ministrant

150 2374 376 2437 farraque,
403 2391 463 2420 ne
490 2374 664 2420 blando
689 2386 894 2436 nequeat
920 2390 1156 2434 superesse
1183 2372 1331 2419 labori

150 2439 439 2515 invalidique
465 2455 654 2504 patrum
679 2440 921 2486 referant
911 2440 1090 2486 leiunia
1116 2440 1230 2488 nati.

150 2505 247 2568 ipsa
271 2523 428 2555 autem
453 2509 603 2555 macie
631 2521 831 2555 tenuant
857 2522 1068 2554 armenta
1092 2508 1317 2563 volentes,

152 2586 305 2636 atque,
333 2576 413 2621 ubi
440 2576 724 2623 concubitus
749 2575 922 2638 primos
950 2575 1042 2621 iam
1069 2588 1181 2621 nota
1207 2575 1421 2636 voluptas
1530 2597 1596 2626 130

153 2640 387 2699 sollicitat,
415 2643 696 2707 frondesque
724 2656 901 2704 negant
927 2657 974 2689 et
1000 2643 1210 2688 fontibus
1239 2654 1414 2687 arcent.

153 2725 288 2770 saepe
315 2708 455 2754 etiam
481 2726 618 2756 cursu
644 2711 865 2774 quatiunt
892 2724 938 2756 et
964 2710 1058 2756 sole
1085 2709 1296 2768 fatigant,

324 2795 396 2835 125
427 2787 568 2834 pecoris
599 2817 608 2826 .
639 2817 649 2826 .
680 2816 690 2826 .
718 2788 959 2835 magistrum.
1076 2798 1149 2835 130
1180 2788 1370 2823 voluntas.
