1866 3208
268 243 343 282 332
715 234 758 272 P.
788 233 1021 271 VERGILI
1051 235 1309 273 MARONIS

335 355 560 405 tempore,
587 358 697 388 cum
724 341 846 387 ferro
871 341 1088 388 caelestia
1108 359 1301 405 corpora
1325 342 1520 390 demens

333 408 508 471 appetii
536 420 581 454 et
608 407 808 454 Veneris
831 408 1001 455 violavi
1027 409 1222 456 vulnere
1247 410 1477 456 dextram.

334 492 393 521 ne
419 491 546 530 vero,
571 491 631 520 ne
657 491 732 520 me
759 474 815 520 ad
840 475 953 521 tales
980 475 1195 538 inpellite
1219 492 1414 538 pugnas.

335 557 420 587 nec
447 540 563 586 mihi
591 557 702 587 cum
728 541 932 588 Teucris
959 542 1109 588 ullum
1135 556 1238 605 post
1264 554 1395 588 eruta
1419 543 1600 589 bellum

336 608 558 667 Pergama
579 625 594 660 ;
631 624 718 653 nec
740 620 954 654 veterum
974 609 1170 655 memini
1199 609 1405 655 laetorve
1426 610 1675 657 malorum.
1695 625 1757 657 280

333 690 548 730 munera,
573 690 690 737 quae
716 674 874 736 patriis
900 675 957 720 ad
981 692 1056 721 me
1081 676 1273 738 portatis
1299 676 1355 721 ab
1380 675 1489 732 oris,

332 740 501 787 vertite
527 740 581 786 ad
606 741 818 788 Aenean.
889 742 1101 788 stetimus
1129 743 1222 788 tela
1247 759 1403 804 aspera
1429 755 1606 800 contra,

332 807 718 870 contulimusque
743 824 906 854 manus
932 827 942 855 :
979 823 1173 871 experto
1199 809 1392 865 credite,
1417 821 1620 871 quantus

331 873 380 919 in
408 873 618 935 clipeum
643 874 873 935 adsurgat,
898 892 991 938 quo
1017 876 1204 921 turbine
1232 888 1445 938 torqueat
1471 877 1667 923 hastam.

331 940 366 986 si
394 940 487 986 duo
512 953 751 1001 praeterea
776 941 888 987 tales
914 942 1055 988 Idaea
1081 942 1262 988 tulisset

333 1019 453 1053 terra
478 1006 615 1064 viros,
644 1008 767 1053 ultro
794 1008 1007 1054 Inachias
1033 1009 1237 1055 venisset
1262 1009 1319 1055 ad
1345 1009 1481 1055 urbes

331 1073 596 1130 DardanuS‚
623 1087 669 1120 et
695 1074 833 1120 versis
862 1075 1041 1134 lugeret
1067 1075 1269 1121 Graecia
1295 1076 1415 1122 fatis.

331 1140 565 1202 quidquid
591 1140 713 1201 apud
739 1140 880 1186 durae
907 1154 1137 1188 cessatum
1163 1155 1231 1188 est
1255 1142 1441 1188 moenia
1467 1141 1659 1198 Troiae,

333 1207 557 1252 Hectoris
581 1208 864 1281 Aeneaeque
890 1224 1032 1255 manu
1058 1208 1251 1254 victoria
1279 1209 1480 1255 Graium

331 1273 495 1328 haesit,
521 1285 567 1319 et
592 1273 640 1319 in
667 1273 908 1320 decimum
935 1274 1128 1334 vestigia
1151 1275 1337 1321 rettulit
1361 1291 1556 1321 annum.
1695 1298 1756 1330 290

331 1340 470 1385 ambo
496 1340 681 1396 animi5‚
707 1340 880 1387 ambo
870 1340 1075 1402 insignes
1101 1341 1442 1402 praestantibus
1468 1341 1604 1387 armis
1630 1362 1641 1397 ;

330 1406 407 1452 hic
433 1405 608 1468 pietate
636 1407 774 1468 prior.
845 1420 1012 1454 coeant
1037 1407 1085 1453 in
1113 1408 1301 1453 foedera
1326 1408 1533 1464 dextrae,

331 1490 423 1535 qua
446 1473 618 1527 datur3
654 1487 721 1519 ast
747 1473 884 1520 armis
910 1487 1195 1521 concurrant
1222 1491 1347 1520 arma
1376 1473 1585 1520 cavete.''

332 1552 378 1585 et
404 1556 622 1602 responsa
647 1540 786 1587 simul
814 1558 932 1603 quae
960 1541 1071 1598 sint,
1097 1558 1175 1586 rex
1202 1541 1396 1603 optime,
1423 1541 1541 1601 regis

331 1606 513 1662 audisti,
542 1620 588 1653 et
615 1624 732 1669 quae
759 1607 818 1653 sit
844 1624 1014 1669 magno
1040 1607 1274 1654 sententia
1299 1608 1456 1654 bello.’

398 1673 476 1718 vix
503 1690 555 1719 ea
580 1674 721 1734 legati
745 1694 759 1728 ;
795 1675 1042 1737 variusque
1068 1691 1151 1736 per
1176 1691 1253 1720 ora
1280 1674 1488 1720 cucurrit

329 1739 625 1786 Ausonidum
653 1740 836 1786 turbata
862 1741 1034 1787 fremor
1058 1759 1068 1788 :
1107 1758 1194 1787 ceu
1221 1758 1326 1786 saxa
1351 1753 1591 1786 morantur

331 1822 441 1852 cum
467 1806 650 1868 rapidos
676 1823 850 1863 amnes,
880 1807 931 1853 fit
956 1807 1113 1853 clauso
1137 1807 1324 1868 gurgite
1349 1823 1578 1863 murmur,

331 1872 607 1934 vicinaeque
635 1873 843 1919 fremunt
868 1873 996 1935 ripae
1021 1873 1360 1935 crepitantibus
1388 1872 1540 1919 undis.

331 1952 381 1985 ut
406 1936 614 2001 primum
640 1940 812 2000 placati
838 1940 998 1995 animi,
1027 1953 1073 1986 et
1099 1940 1278 2001 trepida
1303 1957 1380 1985 ora
1405 1939 1645 2002 quierunt,
1695 1964 1756 1993 300

330 2005 562 2068 praefatus
588 2005 720 2052 divos
747 2006 863 2052 solio
888 2023 966 2052 rex
992 2006 1099 2052 infit
1125 2006 1181 2052 ab
1208 2007 1301 2052 alto
1325 2024 1335 2052 :

332 2112 352 2129 ᾗ
400 2079 412 2099 ‘
431 2085 539 2118 ante
566 2072 786 2135 equidem
813 2090 995 2119 summa
1019 2073 1075 2119 de
1102 2089 1150 2119 re
1175 2072 1404 2129 statuisse,
1428 2071 1605 2129 Latini,

330 2152 375 2185 et
402 2140 575 2186 vellem
600 2152 647 2186 et
673 2140 826 2185 fuerat
852 2139 1019 2186 melius
1043 2160 1056 2195 3
1093 2156 1188 2185 non
1220 2152 1430 2201 tempore
1457 2138 1537 2185 tali

329 2223 495 2266 cogere
521 2205 799 2263 concilium,
825 2223 935 2253 cum
961 2223 1117 2252 muros
1142 2206 1321 2253 adsidet
1346 2205 1506 2252 hostis.

330 2272 509 2319 bellurn
535 2273 866 2335 inportunum,
893 2273 1031 2329 cives,
1060 2290 1169 2320 cum
1195 2286 1334 2334 gente
1360 2272 1554 2318 deorum

329 2338 612 2401 invictisque
637 2339 745 2385 viris
771 2339 990 2400 gerimus,
1014 2356 1130 2401 quos
1156 2339 1287 2385 nulla
1312 2338 1509 2398 fatigant

329 2405 522 2468 proelia,
548 2421 634 2451 nec
661 2405 775 2452 victi
801 2418 995 2467 possunt
1021 2406 1239 2451 absistere
1264 2405 1400 2451 ferro.

329 2488 460 2534 spem
486 2471 521 2517 si
548 2487 689 2534 quam
714 2471 902 2517 adscitis
927 2472 1152 2518 Aetolum
1177 2470 1401 2517 habuistis
1428 2470 1476 2515 in
1505 2469 1658 2527 armis,

328 2537 506 2601 ponite.
577 2555 678 2600 spes
716 2537 802 2584 sibi
840 2537 1070 2600 quisque3
1118 2537 1197 2583 sed
1231 2538 1346 2582 haec
1384 2553 1523 2599 quam
1562 2548 1753 2596 angusta

464 2604 648 2651 videtis.

329 2685 483 2718 cetera
507 2688 599 2734 qua
621 2687 776 2717 rerum
802 2671 985 2718 iaceant
1010 2671 1225 2733 perculsa
1249 2670 1398 2727 ruina,
1693 2692 1754 2723 310

330 2753 436 2784 ante
462 2738 623 2784 oculos
648 2738 863 2801 interque
891 2754 1055 2784 manus
1080 2751 1189 2784 sunt
1214 2737 1372 2784 omnia
1397 2750 1586 2782 vestras,
