1866 3208
256 255 332 294 300
703 244 746 281 P.
777 241 1010 280 VERGILI
1039 242 1298 280 MARONrs

320 351 393 409 da,
419 364 568 414 pater,
597 350 770 396 Iliacos
796 349 1034 397 Teucris.'
1105 364 1206 397 tum
1231 350 1355 411 regia
1382 351 1507 398 Iuno

320 431 424 464 acta
449 418 607 463 furore
633 415 761 476 gravi
786 433 797 462 z
836 415 980 478 ‘quid
1004 433 1082 464 me
1106 418 1199 463 alta
1225 416 1414 463 silentia
1440 417 1566 479 cogis

318 499 556 545 rumpere,
584 494 631 528 et
657 482 920 529 obductum
944 483 1098 530 verbis
1123 484 1312 544 vulgare
1338 483 1589 531 dolorem?

319 551 520 596 Aenean
546 548 798 595 hominum
823 549 1070 612 quisquam
1096 550 1353 612 divomque
1379 550 1564 611 subegit

321 616 445 662 bella
470 615 617 678 sequi,
645 628 726 662 aut
750 617 936 662 hostem
962 617 1058 677 regi
1085 633 1132 663 se
1158 616 1334 662 inferre
1360 616 1574 664 Latino?

320 682 509 728 Italiam
534 681 675 744 petiit
702 682 808 728 fatis
834 683 1150 740 auctoribusA
1177 696 1275 729 esto
1297 702 1311 737 ;

321 748 613 796 Cassandrae
640 747 855 811 inpulsus
881 748 1046 796 furiis:
1084 766 1199 795 num
1227 749 1444 812 linquere
1469 763 1618 796 castra

318 815 494 861 hortati
521 831 694 873 sumuS,
722 828 802 861 aut
827 815 974 862 vitam
999 816 1299 862 committere
1326 816 1519 862 ventis?

321 898 436 929 num
462 898 609 943 puero
635 898 868 929 summam
894 882 1026 939 belli,
1054 900 1170 929 num
1196 883 1388 929 credere
1415 888 1610 929 muros?
1705 908 1747 939 70

321 948 685 1023 Tyrrhenamve
711 948 854 994 fidem
881 962 962 995 aut
987 963 1150 1010 gentes
1177 949 1350 1010 agitare
1365 949 1584 1024 quietas.
1576 954 1590 985 Ρ

320 1015 421 1077 quis
447 1013 596 1061 deus
584 1031 633 1060 m
661 1014 891 1072 fraudem,
917 1032 1033 1078 quae
1058 1016 1172 1061 dura
1195 1016 1404 1077 potentia
1428 1029 1583 1063 nostra

320 1081 444 1142 egit.
437 1085 450 1116 Ρ
521 1080 601 1128 ubi
627 1081 705 1127 hic
734 1081 857 1127 Iuno
882 1081 1135 1128 demissave
1161 1082 1364 1129 nubibus
1391 1083 1514 1129 Iris?

320 1148 571 1209 indignum
597 1161 681 1204 est,
707 1148 848 1194 Italos
876 1148 1071 1195 Troiam
1097 1148 1388 1195 circumdare
1414 1149 1613 1196 flammis

319 1228 610 1271 nascentem,
636 1228 683 1260 et
708 1215 853 1276 patria
879 1214 1103 1261 Turnum
1134 1216 1385 1261 consistere
1412 1230 1546 1273 terra,

320 1281 396 1328 cui
426 1281 674 1328 Pilumnus
699 1299 826 1337 avus,
853 1281 928 1327 cui
955 1281 1061 1327 diva
1086 1281 1278 1327 Venilia
1302 1296 1450 1328 mater
1475 1301 1485 1328 :

320 1348 451 1411 quid,
477 1348 576 1394 face
604 1348 835 1394 Troianos
861 1361 954 1394 atra
980 1348 1075 1394 vim
1102 1348 1222 1394 ferre
1249 1347 1445 1405 Latinis,

320 1432 425 1460 arva
448 1414 601 1460 aliena
626 1414 734 1476 iugo
760 1431 973 1476 premere
1001 1428 1139 1477 atque
1165 1427 1369 1462 avertere
1395 1415 1583 1477 praedas
1604 1418 1620 1461 ?

319 1481 448 1544 quid,
477 1498 659 1528 soceros
685 1483 840 1541 legere
866 1495 912 1528 et
937 1481 1122 1542 gremiis
1149 1481 1379 1528 abducere
1406 1495 1577 1544 pactas,

319 1565 485 1610 pacem
511 1565 638 1595 orare
665 1566 824 1605 manu,
852 1548 1102 1610 praefigere
1128 1548 1363 1610 puppibus
1388 1552 1546 1595 arma?
1708 1563 1749 1595 80

321 1628 372 1661 tu
397 1628 527 1676 potes
553 1616 750 1662 Aenean
777 1616 992 1661 manibus
1020 1615 1278 1662 subducere
1306 1615 1522 1671 Graium,

320 1698 497 1745 proque
523 1681 624 1728 viro
649 1683 871 1728 nebulam
898 1695 943 1729 et
967 1696 1130 1728 ventos
1156 1682 1410 1729 obtendere
1436 1682 1595 1728 inanes
1619 1702 1632 1737 ;

321 1762 368 1794 et
392 1762 523 1810 potes
548 1748 596 1794 in
624 1748 821 1795 totidem
848 1749 1040 1794 classem
1067 1761 1340 1794 convertere
1367 1748 1613 1810 Nymphas
1637 1767 1646 1794 :

322 1831 405 1860 nos
430 1815 607 1877 aliquid
634 1815 836 1861 Rutulos
864 1828 1026 1861 contra
1051 1814 1218 1860 iuvisse
1245 1814 1503 1861 nefandum
1529 1818 1632 1861 est?

320 1882 503 1928 Aeneas
530 1882 714 1942 ignarus
741 1882 866 1928 abest
890 1900 900 1928 :
939 1881 1122 1941 ignarus
1148 1894 1193 1927 et
1218 1880 1349 1928 absit.

322 1962 390 1994 est
418 1948 602 2010 Paphus
628 1948 928 2011 Idaliumque
955 1948 1056 2005 tibi,
1084 1960 1191 1994 sunt
1215 1949 1306 1994 alta
1332 1948 1541 2009 Cythera
1563 1966 1573 1994 :

321 2014 435 2078 quid
459 2014 695 2074 gravidam
723 2014 857 2061 bellis
884 2015 1047 2061 urbem
1074 2028 1120 2060 et
1146 2015 1288 2060 corda
1313 2031 1468 2076 aspera
1492 2027 1691 2076 temptas
1713 2017 1728 2049 Ρ

323 2097 468 2128 ηοτῐιε
494 2081 579 2127 tibi
606 2080 752 2127 fluxas
780 2082 1007 2142 Phrygiae
1034 2097 1102 2127 res
1128 2094 1312 2127 vertere
1340 2081 1488 2127 fundo

322 2151 586 2195 conamur?
622 2151 741 2194 nos?
779 2165 835 2194 an
864 2148 1052 2194 miseros
1078 2147 1157 2210 qui
1186 2147 1335 2194 Troas
1357 2147 1551 2194 Achivis

321 2214 533 2261 obiecit?
602 2231 721 2278 quae
748 2231 882 2261 causa
908 2214 1014 2271 fuit,
1039 2230 1316 2274 consurgere
1342 2213 1392 2260 in
1417 2231 1544 2260 arma
1707 2237 1750 2269 90

323 2281 652 2343 Europamque
678 2282 950 2344 Asiamque,
977 2295 1024 2328 et
1049 2281 1235 2327 foedera
1260 2281 1435 2327 solvere
1461 2279 1622 2326 furto?

322 2363 398 2393 me
423 2347 546 2394 duce
572 2348 839 2394 Dardanius
866 2349 1074 2410 Spartam
1100 2347 1388 2409 expugnavit
1412 2346 1632 2393 adulter?

323 2427 402 2460 aut
426 2430 512 2474 ego
537 2414 630 2460 tela
653 2414 778 2471 dedi,
805 2415 959 2460 fovive
987 2414 1228 2476 Cupidine
1259 2413 1416 2459 bella?

325 2494 425 2527 tum
451 2480 610 2527 decuit
635 2481 856 2527 metuisse
883 2481 1008 2534 tuis3
1044 2496 1173 2526 nunc
1200 2496 1298 2526 sera
1321 2479 1543 2542 querellis

322 2547 447 2593 haud
473 2546 602 2593 iustis
628 2547 830 2608 adsurgis
857 2560 904 2593 et
929 2546 1069 2593 inrita
1093 2546 1242 2608 iurgia
1266 2543 1434 2592 iactas.'

392 2613 560 2660 talibus
584 2613 740 2660 orabat
765 2614 900 2669 Iuno,
928 2612 1186 2676 cunctique
1212 2613 1476 2659 fremebant

324 2680 576 2727 caelicolae
602 2681 796 2727 adsensu
822 2680 948 2726 vario
969 2699 983 2734 3
1020 2696 1107 2726 ceu
1134 2679 1323 2726 flamina
1347 2679 1498 2742 prima

795 2769 841 2807 71
874 2756 1200 2808 Tyrrhenamque·
