1866 3208
573 219 848 257 AENEIDOS
878 219 982 258 LIB.
1011 219 1118 256 VIII
1513 220 1592 270 269

157 328 372 375 nascenti
400 327 478 375 cui
505 340 596 373 tres
622 327 801 373 animas
829 327 1026 374 Feronia
1050 341 1211 384 mater,

156 395 448 442 horrendum
472 394 623 451 dictu,
651 393 846 440 dederat
868 414 881 451 ;
919 408 1053 441 terna
1079 411 1205 441 arma
1229 392 1479 449 movenda,

156 476 228 508 ter
252 463 349 508 leto
375 460 656 507 sternendus
683 474 779 507 erat
801 481 815 517 ;
853 461 930 507 cui
956 475 1059 508 tum
1086 475 1246 508 tamen
1273 476 1437 506 omnes

156 528 352 576 abstulit
376 529 494 574 haec
523 526 702 574 animas
729 527 896 573 dextra
923 541 970 574 et
997 528 1197 574 totidem
1224 526 1356 574 exuit
1381 526 1522 572 armis
1547 545 1558 573 :

156 613 254 642 non
281 612 367 656 ego
394 611 524 641 nunc
552 594 683 641 dulci
711 594 935 656 amplexu
962 594 1216 641 divellerer
1242 611 1456 657 usquam,

155 675 281 720 nate,
308 674 391 708 tuo
414 683 427 719 3
465 678 623 724 neque
650 660 857 707 finitimo
888 662 1163 708 Mezentius
1191 678 1417 724 umquam

152 729 266 776 huic
295 729 438 791 capiti
466 729 700 775 insultans
726 741 797 774 tot
824 728 946 774 ferro
973 746 1107 775 saeva
1131 729 1334 775 dedisset
1534 751 1596 782 570

154 796 339 855 funera,
368 809 464 843 tam
490 795 654 842 multis
679 795 919 842 viduasset
946 796 1130 842 civibus
1158 796 1339 843 urbem.

154 876 201 910 at
226 881 323 922 VOS,
350 881 379 910 o
403 863 575 926 superi,
604 875 651 909 et
678 862 840 909 divom
868 876 919 909 tu
946 863 1155 909 maxime
1182 876 1336 909 rector

153 931 389 994 Iuppiter,
414 929 625 989 Arcadii,
653 947 843 993 quaeso,
871 930 1160 977 miserescite
1185 929 1321 991 regis,

155 1011 201 1044 et
225 997 396 1060 patrias
424 997 586 1044 audite
612 1014 792 1061 preces.
843 997 879 1043 si
908 997 1111 1043 numina
1136 1010 1291 1043 vestra

153 1064 448 1112 incolumem
476 1064 694 1111 Pallanta
718 1064 854 1123 mihi,
883 1064 918 1110 si
946 1064 1042 1110 fata
1068 1077 1320 1119 reservant,

153 1132 189 1178 si
216 1132 397 1178 visurus
425 1148 534 1178 eum
559 1131 668 1179 vivo
694 1144 742 1179 et
766 1145 996 1178 venturus
1022 1131 1072 1177 in
1099 1147 1267 1188 unum,

151 1198 300 1246 vitam
325 1216 407 1245 oro
427 1218 442 1253 ;
477 1198 631 1262 patior
657 1198 874 1263 quemvis
901 1199 1071 1245 durare
1097 1198 1310 1244 laborem
1336 1217 1345 1245 :

153 1266 225 1313 sin
252 1266 458 1329 aliquem
484 1266 739 1313 infandum
767 1284 946 1324 casum,
974 1267 1200 1323 Fortuna,
1225 1265 1433 1323 minaris,

153 1351 301 1392 nunc,
326 1351 355 1380 o
381 1351 512 1380 nunc
539 1333 683 1381 liceat
710 1334 957 1380 crudelem
985 1333 1267 1395 abrumpere
1293 1332 1456 1389 vitam,

153 1400 268 1448 dum
295 1417 434 1447 curae
460 1400 724 1462 ambiguae,
751 1401 866 1447 dum
892 1417 995 1463 spes
1021 1400 1202 1446 incerta
1227 1399 1392 1457 futuri,
1533 1414 1597 1452 580

154 1467 270 1513 dum
296 1480 358 1524 te,
387 1484 493 1514 care
519 1485 652 1530 puer,
680 1485 785 1514 mea
813 1468 910 1514 sola
938 1481 985 1514 et
1011 1485 1111 1514 sera
1136 1467 1371 1529 voluptas,

155 1535 406 1596 complexu
435 1548 576 1581 teneo
598 1555 612 1592 3
649 1535 836 1596 gravior
862 1552 955 1581 neu
985 1534 1182 1580 nuntius
1208 1551 1340 1579 aures

152 1599 403 1648 vulneret?
473 1603 590 1648 haec
616 1602 803 1662 genitor
835 1602 1042 1662 digressu
1071 1601 1198 1647 dicta
1225 1617 1445 1662 supremo

153 1668 387 1715 fundebat
413 1686 423 1714 :
461 1669 628 1715 famuli
655 1669 920 1731 collapsum
947 1668 998 1715 in
1025 1680 1150 1715 tecta
1177 1667 1410 1714 ferebant.

220 1734 408 1798 iamque
435 1735 553 1781 adeo
581 1735 760 1782 exierat
785 1735 936 1798 portis
965 1735 1203 1798 equitatus
1220 1734 1417 1797 apertis,

150 1803 338 1849 Aeneas
365 1802 491 1849 inter
515 1802 692 1865 primos
721 1816 767 1849 et
795 1802 912 1849 fidus
939 1803 1162 1860 Achates,

150 1869 265 1916 inde
292 1869 372 1916 alii
400 1870 579 1916 Troiae
604 1887 824 1933 proceres
847 1891 861 1928 ;
898 1870 998 1933 ipse
1025 1869 1213 1931 agmine
1243 1870 1394 1915 Pallas

152 1936 203 1983 in
229 1937 405 1995 medio,
434 1937 687 1999 chlamyde
715 1950 761 1984 et
786 1937 930 2000 pictis
959 1949 1248 2000 conspectus
1274 1936 1325 1981 in
1352 1935 1523 1982 armis:

153 2004 305 2067 qualis
332 2004 412 2050 ubi
443 2005 630 2051 Oceani
657 2005 876 2067 perfusus
904 2005 1105 2051 Lucifer
1131 2004 1275 2061 unda,

153 2087 297 2134 quem
323 2071 490 2117 Venus
517 2084 628 2118 ante
655 2072 770 2118 alios
799 2086 1032 2118 astrorum
1060 2070 1218 2131 diligit
1243 2070 1390 2130 ignes,
1530 2093 1594 2126 590

155 2137 330 2185 extulit
356 2155 405 2185 os
432 2155 617 2186 sacrum
643 2139 775 2185 caelo
802 2139 1119 2201 tenebrasque
1144 2137 1354 2183 resolvit.

153 2218 279 2252 stant
302 2205 504 2268 pavidae
530 2205 581 2252 in
607 2206 753 2252 muris
780 2219 951 2253 matres
979 2205 1228 2268 oculisque
1255 2216 1523 2266 sequuntur

152 2272 429 2334 pulveream
456 2273 635 2320 nubem
663 2287 711 2321 et
736 2273 975 2334 fulgentes
1003 2290 1108 2319 aere
1135 2285 1361 2319 catervas,

154 2339 238 2385 olli
264 2357 348 2402 per
373 2339 558 2398 dumos,
585 2358 676 2404 qua
701 2340 918 2404 proxima
943 2354 1071 2387 meta
1095 2339 1293 2397 viarum,

154 2407 319 2453 armati
346 2407 589 2463 tendunt;
623 2407 664 2455 lt
690 2408 883 2465 clamor,
911 2420 958 2454 et
984 2407 1172 2468 agmine
1200 2407 1328 2453 facto

156 2473 550 2536 quadrupedante
570 2487 760 2537 putrem
780 2475 941 2522 sonitu
969 2474 1124 2538 quatit
1150 2474 1329 2534 ungula
1352 2488 1592 2534 campum.

157 2551 226 2584 est
251 2538 418 2600 ingens
443 2542 656 2603 gelidum
683 2542 818 2589 lucus
845 2559 993 2605 prope
1021 2541 1227 2589 Caeritis
1255 2556 1461 2596 amnem,

154 2605 386 2666 religione
410 2621 600 2669 patrum
625 2609 721 2656 late
747 2626 875 2656 sacer
897 2629 911 2665 3
948 2608 1162 2672 undique
1189 2607 1342 2654 colles

156 2671 394 2719 inclusere
421 2674 522 2720 cavi
550 2687 598 2721 et
623 2675 756 2736 nigra
782 2693 948 2722 nemus
975 2675 1132 2722 abiete
1159 2674 1375 2733 cingunt.

219 2751 294 2804 569
325 2766 497 2804 usquam.
612 2764 688 2805 579
717 2769 822 2793 nune
850 2769 953 2794 nunc
983 2769 1017 2794 o.
1133 2754 1207 2803 582
1235 2754 1466 2803 complexus.
