1861 3256
581 237 856 277 AENEIDOS
886 239 989 277 LIB.
1019 239 1083 277 IV
1508 240 1577 289 165

123 352 136 372 ‘
155 347 374 410 Iuppiter
398 346 715 408 omnipotenS,
743 346 819 392 cui
847 363 977 393 nunc
1006 347 1248 394 Maurusia
1270 347 1411 410 pictis

153 431 267 475 gens
286 414 482 489 epulata
506 412 617 460 toris
642 413 889 459 Lenaeum
916 413 1031 460 libat
1056 416 1304 473 honorem,

156 481 319 543 aspicis
344 482 491 527 haec.
484 484 498 514 Ρ
534 496 592 525 an
619 491 683 536 te,
708 479 911 540 genitor,
937 497 1047 526 cum
1074 481 1275 527 fulmina
1300 494 1503 556 torqueS,

154 548 444 610 nequiquam
468 548 727 602 horremu3,
736 545 982 620 'caecique
1009 547 1057 592 in
1085 547 1324 594 nubibus
1312 564 1441 608 lgnes

155 614 415 661 terrificant
439 613 634 670 animos,
661 626 708 658 et
733 612 891 658 inania
916 630 1155 660 murmura
1180 614 1412 661 miscent.
1405 618 1419 649 Ρ
1521 638 1586 661 210

155 681 346 755 femina,
373 697 493 743 quae
518 679 686 726 nostris
715 696 870 725 errans
895 679 944 725 in
971 680 1142 726 finibus
1167 681 1332 728 urbem

153 747 370 807 exiguam
394 747 547 810 pretio
571 746 741 810 posuit,
770 745 846 792 cui
874 746 982 792 litus
1009 747 1248 804 arandum,

154 814 327 877 cuique
354 813 448 860 loci
475 815 599 875 leges
625 813 858 870 dedimus,
889 813 1093 859 conubia
1120 827 1277 861 nostra

152 881 376 943 reppulit,
405 897 455 926 ac
484 880 731 926 dominum
756 880 994 926 Aenean
983 898 1032 926 in
1059 898 1203 956 regna
1227 882 1425 945 recepit.

151 961 198 994 et
224 964 351 994 nunc
379 948 461 994 ille
490 947 628 1003 Paris,
657 964 767 993 cum
794 947 1010 993 semiviro
1035 948 1275 1005 comitatu,

152 1014 378 1061 Maeonia
403 1027 619 1061 mentum
644 1014 783 1060 mitra
808 1014 1083 1077 crinemque
1109 1016 1382 1062 madentem

150 1081 392 1137 subnixus,
420 1094 554 1144 rapto
579 1081 792 1144 potitur:
830 1099 914 1127 nos
940 1098 1137 1127 munera
1161 1083 1350 1145 templis

150 1147 329 1212 quippe
356 1148 446 1194 tuis
474 1148 681 1206 ferimus,
710 1149 980 1211 famamque
1007 1149 1257 1195 fovemus
1246 1149 1473 1196 inanem]

218 1215 385 1261 talibus
412 1229 626 1261 orantem
653 1186 792 1261 dictis
819 1233 1010 1278 arasque
1036 1229 1280 1262 tenentem

150 1282 301 1328 audiit
325 1282 641 1344 omnipotens,
669 1278 929 1345 oculosque
955 1282 1013 1328 ad
1037 1283 1227 1328 moenia
1253 1283 1385 1328 torsit
1522 1307 1584 1329 220

148 1349 288 1409 regia,
316 1362 362 1395 et
382 1349 553 1395 oblitos
581 1349 732 1395 famae
758 1349 966 1395 melioris
992 1362 1215 1397 amantes».

149 1428 253 1462 tum
279 1415 343 1461 sic
373 1415 673 1462 Mercurium
700 1415 987 1479 adloquitur,
1016 1433 1068 1462 ac
1097 1415 1207 1461 talia
1231 1416 1422 1462 mandat
1447 1435 1457 1462 :

118 1486 130 1507 ‘
150 1482 267 1528 vade
294 1499 392 1543 age,
421 1495 544 1540 nate,
571 1499 688 1528 voca
713 1483 977 1544 Zephyros,
1005 1496 1052 1529 et
1078 1483 1232 1529 labere
1256 1482 1432 1545 pinnis,

148 1548 543 1612 Dardaniumque
568 1549 755 1607 ducem,
783 1549 934 1612 Tyria
962 1550 1251 1609 Carthagine
1277 1549 1357 1612 qui
1383 1566 1512 1596 nunc

149 1628 405 1677 exspectat,
433 1616 634 1679 fatisque
659 1616 788 1662 datas
816 1633 913 1662 non
939 1616 1132 1678 respicit
1159 1616 1311 1672 urbes,

149 1683 417 1744 adloquere,
445 1696 492 1729 et
518 1683 694 1728 celeres
722 1681 855 1728 defer
879 1699 984 1728 mea
1009 1683 1135 1729 dicta
1160 1700 1244 1744 per
1269 1699 1416 1730 auras.

147 1767 245 1796 non
271 1749 411 1795 illum
436 1749 570 1795 nobis
595 1748 814 1809 genetrix
839 1749 1161 1811 pulcherrima
1188 1749 1333 1796 talem

146 1815 375 1878 promisit,
404 1815 703 1878 Graiumque
729 1815 837 1862 ideo
862 1815 931 1862 bis
957 1816 1170 1863 vindicat
1197 1817 1333 1863 armis
1351 1838 1366 1874 3

146 1882 229 1928 sed
253 1883 370 1938 fore,
400 1882 479 1945 qui
505 1882 746 1943 gravidam
771 1882 983 1945 imperiis
1009 1884 1236 1947 belloque
1263 1884 1553 1930 frementem

146 1949 337 1995 Italiam
363 1962 563 2010 regeret,
590 1966 738 2010 genus
765 1950 863 1996 alto
888 1968 912 1996 a
940 1950 1167 2012 sanguine
1195 1951 1377 1997 Teucri
1521 1975 1583 2005 230

144 2017 385 2079 proderet,
412 2033 464 2063 ac
491 2029 645 2063 totum
671 2017 756 2063 sub
784 2017 911 2078 leges
937 2017 1151 2064 mitteret
1176 2018 1356 2064 orbem.

145 2083 182 2129 si
213 2083 348 2129 nulla
374 2083 594 2130 accendit
620 2096 859 2130 tantarum
884 2084 1032 2144 gloria
1057 2101 1232 2142 rerum,

146 2166 236 2197 nec
263 2167 403 2212 super
426 2150 527 2213 ipse
552 2167 632 2196 sua
659 2150 855 2196 molitur
882 2151 1023 2197 laude
1049 2151 1276 2210 laborem,

143 2217 414 2264 Ascanione
441 2231 575 2280 pater
602 2216 840 2263 Romanas
866 2217 1051 2264 invidet
1077 2222 1236 2265 arces?

146 2283 262 2346 quid
286 2283 456 2330 struit?
493 2297 573 2330 aut
599 2302 692 2347 qua
718 2301 798 2347 spe
824 2284 1019 2330 inimica
1044 2284 1094 2330 in
1120 2298 1264 2346 gente
1290 2298 1516 2342 moratur,

147 2366 235 2397 nec
260 2351 445 2413 prolem
469 2351 733 2398 Ausoniam
762 2364 808 2397 et
834 2350 1034 2397 Lavinia
1060 2352 1252 2414 respicit
1278 2356 1415 2398 arva?

147 2416 365 2477 naviget:
403 2419 520 2465 haec
547 2434 729 2465 summa
755 2431 854 2475 est3
890 2418 969 2464 hic
998 2419 1143 2464 nostri
1166 2418 1364 2466 nuntius
1392 2419 1524 2466 esto.'

214 2482 413 2533 dixerat.
483 2484 566 2531 ille
592 2485 735 2548 patris
761 2485 919 2546 magni
945 2503 1112 2547 parere
1137 2487 1330 2547 parabat

148 2548 378 2610 imperio:
416 2564 463 2598 et
487 2552 694 2614 primum
719 2551 921 2614 pedibus
947 2552 1111 2598 talaria
1138 2553 1290 2600 nectit

150 2632 304 2672 aurea,
331 2634 450 2678 quae
476 2618 729 2665 sublimem
756 2618 839 2664 alis
866 2618 963 2665 sive
990 2636 1193 2682 aequora
1217 2636 1354 2682 supra
1520 2643 1580 2672 240

150 2698 230 2728 seu
257 2694 429 2729 terram
453 2684 617 2746 rapido
642 2684 817 2746 pariter
843 2701 953 2731 cum
978 2684 1173 2732 flamine
1199 2697 1406 2748 portant.

672 2770 747 2807 217
778 2760 978 2798 subnexus.
