1861 3256
580 261 854 300 AENEIDOS
885 262 988 300 LIB.
1017 262 1038 300 1
1491 274 1564 316 105

132 371 319 434 iamque
346 369 662 417 ascendebant
687 369 875 426 collem,
905 369 983 432 qui
1010 369 1241 432 plurimus
1267 368 1370 415 urbi

133 438 340 484 inminet
366 437 666 499 adversasque
694 449 898 498 aspectat
924 437 1122 498 desuper
1148 453 1289 484 arces·
1505 461 1568 490 420

133 505 329 551 miratur
353 505 529 551 molem
554 504 757 560 Aeneas,
783 504 981 564 magalia
1006 504 1261 567 quondam,

132 572 330 618 miratur
355 585 505 634 portas
532 570 875 633 strepitumque
902 584 947 616 et
974 584 1112 618 strata
1137 571 1333 618 viarum.

132 639 309 685 instant
334 639 547 684 ardentes
574 637 729 699 Tyrii,
754 655 856 699 pars
883 637 1055 683 ducere
1082 655 1238 684 muros

131 706 384 769 molirique
409 722 564 752 arcem
590 717 636 751 et
661 704 878 750 manibus
905 705 1182 751 subvolvere
1209 723 1330 763 saxa,

130 790 233 835 pars
258 786 417 835 optare
442 773 602 819 locum
629 785 756 818 tecto
782 784 829 818 et
855 772 1142 818 concludere
1169 773 1300 818 sulco
1322 793 1335 828 ;

130 840 231 886 iura
255 840 640 902 magistratusque
666 839 834 900 legunt
861 852 1171 902 sanctumque
1198 852 1450 896 senatum3

129 907 207 953 hic
235 920 394 969 portus
421 906 498 953 alii
526 905 795 963 effodiunt3
832 906 910 952 hic
939 907 1030 952 lata
1056 907 1247 953 theatris

129 974 441 1020 fundamenta
465 986 638 1036 petunt
664 973 757 1029 alii,
787 973 1097 1037 inmanesque
1125 975 1370 1020 columnas

128 1041 322 1103 rupibus
349 1040 591 1097 excidunt,
621 1040 798 1086 scaenis
825 1040 993 1086 decora
1019 1042 1110 1087 alta
1135 1042 1321 1088 futuris.

128 1108 276 1171 qualis
303 1125 408 1170 apes
436 1121 605 1154 aestate
632 1125 752 1153 nova
778 1125 860 1170 per
885 1107 1026 1154 florea
1050 1125 1155 1154 rura
1507 1130 1572 1163 430

128 1188 319 1221 exercet
345 1174 429 1221 sub
455 1175 549 1221 sole
577 1175 720 1230 labor,
750 1192 860 1221 cum
885 1175 1037 1235 gentis
1064 1176 1244 1222 adultos

129 1242 342 1288 educunt
368 1243 503 1298 fetus,
532 1256 612 1288 aut
638 1259 748 1288 cum
777 1242 1007 1306 liquentia
1032 1244 1174 1288 mella
1200 1282 1205 1287 .

128 1310 319 1371 stipant,
346 1323 393 1356 et
417 1309 547 1355 dulci
574 1309 853 1356 distendunt
878 1323 1067 1356 nectare
1094 1310 1253 1366 cellas,

128 1390 208 1422 aut
233 1393 376 1422 onera
402 1376 646 1438 accipiunt
670 1377 970 1434 venientum,
997 1390 1076 1423 aut
1101 1377 1287 1438 agmine
1312 1377 1440 1424 facto

128 1443 352 1504 ignavum
377 1443 510 1490 fucos
535 1460 680 1505 pecus
707 1461 731 1489 a
755 1444 1055 1506 praesepibus
1082 1457 1244 1490 arcent
1268 1462 1278 1491 :

128 1511 279 1557 fervet
303 1527 434 1572 opus,
461 1510 773 1574 redolentque
801 1512 967 1572 thymo
993 1511 1242 1571 fragrantia
1268 1511 1427 1560 mella.

97 1583 152 1623 ‘o
178 1577 420 1633 fortunati,
450 1595 652 1641 quorum
678 1577 771 1623 iam
797 1578 986 1623 moenia
1013 1592 1207 1638 surgunt
1229 1578 1239 1625 l
1258 1576 1270 1596 '

125 1646 312 1691 Aeneas
339 1644 416 1701 ait,
445 1658 491 1690 et
515 1644 695 1704 fastigia
721 1644 914 1706 suspicit
939 1645 1084 1691 urbis.

127 1712 271 1758 infert
296 1729 342 1757 se
368 1725 550 1773 saeptus
577 1710 1038 1757 nebula—mirabile
1063 1710 1267 1758 dictu—-

125 1796 208 1841 per
234 1778 413 1825 medios
439 1778 700 1841 miscetque
727 1778 850 1834 viri5‚
879 1794 1037 1842 neque
1063 1779 1275 1826 cernitur
1301 1779 1404 1827 ulli.
1506 1804 1570 1835 440

193 1846 328 1892 lucus
355 1845 404 1892 in
432 1845 547 1892 urbe
572 1845 664 1892 fuit
689 1845 860 1902 media,
886 1845 1166 1892 laetissimus
1194 1847 1402 1904 umbrae,

111 1916 219 1976 *quo
244 1913 453 1976 primum
479 1912 637 1959 iactati
664 1913 802 1959 undis
829 1926 876 1959 et
901 1913 1092 1959 turbine
1120 1913 1266 1960 Poeni

125 1981 330 2027 effodere
356 1981 463 2027 loco
489 1980 692 2040 signum,
719 1980 844 2043 quod
869 1980 995 2041 regia
1021 1981 1145 2027 Iuno

125 2061 418 2104 monstrarat,
447 2061 589 2109 caput
616 2047 731 2094 acris
759 2047 867 2111 equi
893 2066 903 2094 :
941 2047 1006 2094 sic
1032 2064 1144 2094 nam
1170 2048 1268 2094 fore
1296 2048 1423 2095 bello

127 2114 360 2175 egregiam
386 2128 433 2161 et
457 2115 648 2161 facilem
673 2114 804 2161 victu
831 2132 913 2177 per
939 2115 1124 2161 saecula
1149 2129 1358 2176 gentem.

124 2182 203 2228 hic
231 2182 467 2245 templum
494 2181 671 2228 Iunoni
698 2181 863 2243 ingens
893 2181 1086 2228 Sidonia
1112 2182 1241 2229 Dido

127 2249 375 2306 condebat,
403 2249 538 2295 donis
566 2249 850 2311 opulentum
878 2262 925 2296 et
950 2249 1151 2296 numine
1176 2249 1324 2306 divae,

128 2332 258 2362 aerea
282 2316 359 2363 cui
385 2316 601 2378 gradibus
629 2316 881 2376 surgebant
907 2316 1076 2369 limina
1101 2333 1346 2380 nexaeque

129 2399 230 2428 aere
256 2384 421 2440 trabes,
449 2384 626 2430 foribus
654 2384 793 2430 cardo
820 2383 1044 2430 stridebat
1071 2383 1210 2430 aenis,

128 2449 217 2495 hoc
242 2451 451 2512 primum
477 2451 526 2497 in
553 2451 663 2497 luco
688 2468 810 2497 nova
836 2468 908 2497 res
934 2451 1090 2497 oblata
1117 2451 1336 2497 timorem
1502 2474 1567 2505 450

130 2514 300 2570 leniit3
335 2518 411 2564 hic
440 2519 647 2580 primum
672 2519 857 2564 Aeneas
883 2535 1066 2580 sperare
1094 2519 1294 2565 salutem

131 2598 263 2627 ausus
289 2595 334 2629 et
359 2584 556 2631 adflictis
581 2585 750 2632 melius
776 2586 1016 2632 confidere
1041 2586 1197 2633 rebus.

131 2665 335 2711 namque
360 2651 444 2696 sub
469 2651 651 2711 ingenti
678 2653 841 2699 lustrat
866 2653 981 2698 dum
1009 2652 1190 2713 singula
1216 2652 1396 2713 templo

130 2715 340 2774 reginam
365 2718 626 2778 opperiens,
654 2719 783 2774 dum,
811 2736 929 2782 quae
954 2720 1144 2766 fortuna
1169 2719 1227 2765 sit
1253 2717 1371 2774 urbi,

662 2800 738 2847 448
770 2801 964 2850 nixaeque.

490 2876 513 2888 A
