1866 3208
294 260 369 311 248
743 262 786 299 P.
815 260 1050 299 VERGILI
1080 261 1339 300 MARole

359 369 438 415 hic
464 369 647 430 galeam
674 366 811 413 tectis
839 367 1048 430 trepidus
1073 369 1233 431 rapit,
1270 368 1354 414 ille
1380 369 1638 414 frementes

360 435 455 481 ad
443 452 549 495 1uga
575 433 702 494 cogit
728 450 907 495 equos·
895 471 909 491 ‚
945 434 1247 498 clipeumque
1274 450 1483 496 auroque
1511 434 1716 481 trilicem

359 500 556 547 loricam
582 499 816 557 induitur,
842 500 1032 563 fidoque
1057 501 1321 562 accingitur
1346 517 1473 546 ense.
1720 516 1782 555 640

425 566 621 641 pandite
648 582 778 612 nunc
808 566 1065 626 Helicona,
1092 568 1224 625 deae,
1251 580 1514 629 cantusque
1541 580 1744 625 movete,

357 633 438 696 qui
465 632 593 679 bello
620 632 762 679 exciti
790 649 936 694 reges,
963 651 1082 696 quae
1109 651 1347 697 quemque
1373 646 1562 680 secutae

358 698 648 761 complerint
674 716 865 761 campos
892 700 1030 758 acies,
1057 701 1226 763 quibus
1254 701 1375 746 Itala
1401 700 1494 746 iam
1521 713 1623 746 tum

356 765 567 811 floruerit
594 778 715 811 terra
743 767 863 812 alma
889 766 1012 825 viris,
1039 767 1208 830 quibus
1235 766 1397 813 arserit
1423 766 1592 823 armis;

357 845 405 879 et
430 831 715 878 meministis
743 832 887 890 enim,
915 833 1066 891 divae,
1095 847 1141 880 et
1167 850 1427 880 memorare
1453 833 1650 895 potestis
1673 853 1687 887 Ξ

356 899 414 944 ad
441 915 524 944 nos
550 897 629 943 vix
656 898 812 945 tenuis
839 900 992 946 famae
1018 900 1280 962 perlabitur
1305 917 1430 946 aura.

422 964 601 1027 primus
626 964 718 1010 init
742 965 925 1012 bellum
952 966 1215 1028 Tyrrhenis
1242 983 1374 1041 asper
1401 966 1457 1012 ab
1483 966 1575 1012 oris

355 1043 658 1093 contemptor
683 1031 844 1078 divom
872 1033 1147 1079 Mezentius
1173 1034 1455 1095 agminaque
1481 1045 1645 1079 armat.

355 1098 477 1145 filius
504 1098 615 1144 huic
642 1097 775 1144 iuxta
802 1099 997 1156 Lausus,
1025 1117 1118 1162 quo
1143 1099 1386 1162 pulchrior
1412 1100 1531 1145 alter

355 1181 452 1211 non
480 1164 587 1222 fuit,
616 1177 817 1226 excepto
843 1165 1095 1212 Laurentis
1121 1183 1316 1228 corpore
1337 1165 1512 1212 Turni.
1723 1181 1784 1218 650

355 1231 552 1289 Lausus,
580 1248 757 1294 equum
783 1231 990 1277 domitor
1016 1232 1373 1294 debellatorque
1400 1232 1624 1289 ferarum,

354 1298 489 1344 ducit
513 1297 738 1359 Agyllina
766 1297 1058 1360 nequiquam
1085 1315 1141 1344 ex
1169 1299 1284 1344 urbe
1311 1311 1495 1344 secutos

354 1365 487 1411 mille
513 1364 653 1421 viros,
679 1364 865 1424 dignus,
892 1365 1055 1427 patriis
1081 1365 1161 1427 qui
1189 1364 1353 1411 laetior
1379 1376 1499 1411 esset

353 1431 580 1494 imperiis,
609 1444 655 1477 et
681 1431 758 1476 cui
786 1444 922 1493 pater
948 1431 1074 1477 haud
1102 1431 1376 1477 Mezentius
1403 1444 1536 1478 esset.

420 1510 526 1560 post
551 1499 636 1544 hos
662 1497 899 1558 insignem
925 1498 1082 1560 palma
1107 1515 1191 1560 per
1220 1497 1431 1558 gramina
1457 1515 1649 1544 currum
1864 1505 1866 1524 ¹

353 1564 652 1627 victoresque
679 1577 888 1610 ostentat
915 1581 1060 1627 equos
1086 1577 1207 1610 satus
1235 1564 1449 1611 Hercule
1475 1565 1676 1626 pulchro

353 1632 556 1694 pulcher
580 1631 852 1677 Aventinus
877 1651 889 1687 ;
927 1631 1179 1694 clipeoque
1205 1630 1389 1691 insigne
1414 1644 1668 1693 paternum

354 1711 550 1744 centum
633 1714 808 1758 angues
897 1697 1202 1760 cinctamque
1278 1697 1399 1758 gerit
1481 1696 1780 1759 serpentibus

490 1764 706 1825 Hydram
730 1785 742 1820 ;

353 1830 486 1877 collis
511 1830 742 1877 Aventini
770 1830 885 1876 silva
912 1848 1055 1893 quem
1083 1831 1216 1876 Rhea
1242 1830 1457 1877 sacerdos

353 1897 585 1944 furtivum
611 1910 748 1959 partu
775 1897 860 1943 sub
888 1897 1082 1943 luminis
1109 1897 1260 1944 edidit
1285 1914 1399 1955 oras,
1720 1911 1783 1942 660

353 1964 501 2009 mixta
526 1964 617 2009 deo
643 1963 829 2021 mulier,
856 1977 1106 2026 postquam
1134 1964 1393 2010 Laurentia
1418 1963 1571 2010 victor

355 2031 580 2091 Geryone
607 2030 843 2077 exstincto
870 2030 1158 2091 Tirynthius
1185 2030 1341 2090 attigit
1366 2048 1488 2087 arva,

355 2097 708 2159 Tyrrhenoque
736 2097 879 2143 boves
905 2096 955 2142 in
982 2096 1181 2142 flumine
1207 2097 1322 2142 lavit
1349 2096 1569 2143 Hiberas.

352 2163 449 2225 pila
475 2180 620 2209 manu
648 2180 903 2226 saevosque
931 2177 1103 2224 gerunt
1129 2163 1178 2208 in
1206 2163 1330 2209 bella
1356 2163 1568 2220 dolones,

354 2243 401 2276 et
428 2230 565 2276 tereti
592 2243 809 2292 pugnant
836 2247 1064 2276 mucrone
1090 2246 1299 2292 veruque
1327 2229 1532 2276 Sabello.

353 2295 451 2358 ipse
477 2297 636 2371 pedes,
665 2297 874 2356 tegimen
903 2309 1127 2359 torquens
1154 2296 1346 2342 inmane
1372 2295 1540 2352 leonis,

354 2361 593 2408 terribili
582 2379 811 2437 mpexum
839 2376 979 2420 saeta,
1007 2380 1116 2408 cum
1142 2362 1366 2408 dentibus
1391 2361 1507 2408 albis

353 2428 548 2474 indutus
575 2429 735 2490 capiti,
764 2429 828 2475 sic
856 2429 981 2489 regia
1008 2441 1131 2474 tecta
1157 2428 1358 2485 subibat,

352 2494 586 2552 horridus,
614 2495 955 2557 Herculeoque
982 2511 1166 2540 umeros
1193 2494 1396 2540 innexus
1422 2494 1616 2541 amictu.

420 2573 522 2607 tum
547 2561 724 2621 gemini
752 2561 916 2607 fratres
945 2560 1170 2606 Tiburtia
1196 2560 1385 2606 moenia
1411 2560 1656 2623 linquunt,
1715 2575 1778 2615 670

353 2627 509 2674 fratris
535 2627 731 2674 Tiburti
759 2627 936 2673 dictam
962 2627 1245 2687 cognomine
1271 2640 1478 2687 gentem,

355 2694 655 2757 Catillusque
682 2710 884 2756 acerque
911 2693 1073 2752 Coras,
1099 2693 1272 2754 Argiva
1298 2693 1533 2751 iuventus,

645 2770 719 2820 638
752 2776 970 2809 trementes.
1082 2769 1157 2818 642
1188 2770 1310 2808 acciti.
