1861 3256
523 279 856 317 GEORGICON
886 279 988 318 LIB.
1017 279 1082 317 111
1136 310 1159 328 ,
1502 279 1552 328 69

121 404 236 448 gens
263 387 439 434 effrena
462 385 618 432 virum
643 384 862 447 Rhipaeo
889 386 1108 432 tunditur
1132 387 1259 432 Euro

124 467 171 501 et
194 454 437 530 pecudum
462 452 605 498 fulvis
629 451 814 498 velatur
841 469 1034 515 corpora
1060 453 1210 500 saetis,

189 521 225 567 si
252 521 338 568 tibi
365 519 585 566 lanitium
611 536 767 577 curae,
794 520 1002 582 primum
1028 537 1187 583 aspera
1213 520 1329 566 silva

123 590 388 663 lappaeque
414 586 671 649 tribolique
698 586 883 642 absint;
920 588 1029 647 fuge
1054 587 1226 649 pabula
1252 588 1406 633 laeta·
1395 607 1408 643 ;

125 655 451 717 continuoque
476 670 634 714 greges
661 653 786 699 villis
813 654 915 728 lege
941 655 1165 700 mollibus
1191 655 1335 702 albos.

122 722 261 768 illurn
289 735 464 779 autern,
492 720 705 784 quamvis
733 719 848 766 aries
875 720 934 766 sit
965 721 1230 767 candidus
1218 738 1332 783 ipse,

122 789 255 849 nigra
283 788 440 835 subest
467 788 559 834 udo
586 801 773 834 tantum
799 787 877 834 cui
905 788 1066 848 lingua
1091 789 1262 849 palato,

123 856 265 913 reice,
291 873 353 902 ne
379 855 579 901 maculis
604 855 814 901 infuscet
838 855 1015 900 vellera
1040 855 1184 917 pullis

124 936 423 981 nascentum,
450 923 690 984 plenoque
717 922 864 968 alium
891 922 1206 984 circumspice
1233 939 1419 985 campo.
1498 945 1561 977 390

122 1007 321 1036 munere
347 989 411 1036 sic
439 989 578 1036 niveo
603 990 754 1048 lanae,
783 989 818 1035 si
845 989 1035 1036 credere
1062 989 1262 1050 dignum
1289 1003 1373 1047 est,

125 1057 223 1103 Pan
249 1057 362 1103 deus
387 1056 619 1103 Arcadiae
645 1070 834 1118 captam
860 1071 923 1114 te,
950 1056 1105 1115 Luna,
1132 1056 1307 1102 fefellit

123 1124 172 1170 in
200 1140 393 1170 nemora
419 1125 512 1170 alta
537 1141 712 1170 vocans
736 1145 749 1181 ;
787 1141 874 1170 nec
904 1138 954 1170 tu
981 1137 1227 1186 aspernata
1252 1136 1523 1169 vocantem.

191 1205 236 1237 at
261 1191 338 1237 cui
364 1191 501 1237 lactis
528 1208 674 1248 amor,
701 1192 904 1253 cytisum
931 1192 1149 1253 lotosque
1176 1191 1448 1252 frequentes

122 1258 223 1321 ipse
249 1275 393 1304 manu
420 1258 651 1320 salsasque
678 1259 798 1304 ferat
821 1258 1122 1321 praesepibus
1147 1257 1330 1304 herbas·
1352 1269 1358 1273 '

123 1325 236 1372 hinc
258 1338 306 1371 et
331 1338 494 1371 amant
520 1324 687 1371 fluvios
714 1326 873 1387 magis,
903 1338 950 1372 et
976 1325 1122 1386 magis
1149 1325 1292 1370 ubera
1318 1324 1528 1371 tendunt

125 1405 172 1439 et
198 1392 303 1438 salis
328 1393 574 1438 occultum
601 1393 815 1439 referunt
841 1393 892 1438 in
919 1393 1042 1439 lacte
1070 1409 1297 1453 saporem.

123 1459 265 1506 multi
291 1459 382 1505 iam
409 1473 622 1505 excretos
647 1459 904 1521 prohibent
930 1478 954 1505 a
981 1459 1208 1505 matribus
1231 1459 1404 1505 haedos

122 1527 368 1591 primaque
394 1526 573 1572 ferratis
600 1526 866 1588 praefigunt
891 1544 970 1572 ora
996 1526 1224 1588 capistriS.

123 1594 251 1656 quod
276 1606 498 1655 surgente
524 1593 599 1639 die
625 1594 830 1640 mulsere
856 1594 1078 1656 horisque
1105 1593 1302 1649 diurnis,
1501 1616 1564 1646 400

123 1674 265 1707 nocte
291 1673 550 1722 premunt3
588 1660 753 1723 quod
742 1678 835 1706 iam
863 1660 1071 1706 tenebris
1097 1673 1145 1706 et
1171 1660 1268 1706 sole
1294 1659 1509 1714 cadente,

122 1728 207 1774 sub
233 1728 390 1774 lucem
417 1739 672 1790 exportant
699 1727 1066 1773 calathis—adit
1091 1726 1266 1789 oppida
1291 1740 1514 1788 pastor-—

122 1808 203 1841 aut
228 1811 369 1856 parco
396 1794 490 1840 sale
517 1793 807 1855 contingunt
832 1794 1077 1857 hiemique
1103 1807 1359 1856 reponunt.

188 1878 278 1908 nec
306 1861 392 1907 tibi
421 1878 533 1907 cura
558 1878 733 1908 canum
761 1861 907 1908 fuerit
933 1874 1185 1924 postrema,
1212 1861 1292 1907 sed
1317 1877 1412 1907 una

119 1929 305 1975 veloces
334 1929 528 1991 Spartae
557 1929 739 1975 catulos
767 1946 1023 1991 acremque
1052 1929 1324 1974 Molossum

119 2013 257 2059 pasce
283 2013 384 2042 sero
409 1995 590 2058 pingui.
664 2013 933 2058 numquam
961 1995 1234 2043 custodibus
1258 1995 1353 2041 illis

119 2076 414 2110 nocturnum
440 2062 637 2109 stabulis
664 2063 821 2109 furem
849 2063 1163 2126 incursusque
1189 2063 1412 2125 luporum

120 2143 202 2177 aut
227 2130 472 2193 inpacatos
499 2147 523 2176 a
550 2143 680 2191 tergo
704 2130 918 2176 horrebis
947 2130 1168 2177 Hiberos.

121 2214 256 2260 saepe
283 2197 424 2244 etiam
451 2214 589 2244 cursu
615 2197 804 2244 timidos
833 2197 1028 2259 agitabis
1052 2214 1260 2258 onagros,

122 2277 169 2311 et
193 2265 389 2311 canibus
416 2265 641 2326 leporem,
671 2265 870 2312 canibus
897 2265 1135 2312 venabere
1161 2264 1370 2311 dammas
1393 2284 1408 2320 3
1504 2287 1565 2316 410

122 2348 258 2394 saepe
283 2332 542 2379 volutabris
566 2333 725 2395 pulsos
754 2332 1047 2379 silvestribus
1073 2349 1204 2395 apros

123 2398 293 2446 latratu
318 2399 528 2446 turbabis
557 2416 697 2461 agens
726 2414 1011 2463 montesque
1037 2417 1120 2462 per
1146 2400 1262 2445 altos

123 2465 365 2526 ingentem
391 2468 595 2514 clamore
623 2484 806 2530 premes
834 2468 892 2514 ad
918 2467 1037 2514 retia
1065 2483 1276 2514 cervum.

191 2532 317 2579 disce
343 2547 389 2581 et
414 2535 657 2581 odoratam
685 2535 880 2581 stabulis
909 2535 1171 2582 accendere
1199 2534 1394 2581 cedrum

124 2599 449 2662 galbaneoque
475 2601 648 2662 agitare
673 2619 834 2663 graves
863 2602 1031 2649 nidore
1059 2602 1323 2664 chelydros,

125 2683 260 2728 saepe
286 2665 371 2712 sub
394 2666 586 2714 inmotis
610 2669 916 2731 praesepibus
944 2682 1026 2716 aut
1051 2669 1174 2716 mala
1201 2681 1331 2714 tactu

123 2732 284 2795 vipera
307 2732 498 2780 delituit
522 2736 806 2798 caelumque
834 2736 1059 2782 exterrita
1085 2735 1221 2795 fugit,

668 2823 745 2859 412
775 2812 941 2851 terrebis.
