1866 3208
586 197 860 236 AENEIDOS
890 198 991 236 LIB.
1022 198 1061 234 X
1499 210 1574 248 307

143 306 299 354 occiso
325 306 564 360 Therone,
592 301 746 350 virum
773 305 853 366 qui
880 305 1112 352 maximus
1139 306 1262 352 ultro

143 374 338 420 Aenean
363 371 484 434 petit
509 390 518 418 :
556 371 668 417 huic
695 371 850 432 gladio
875 389 1053 434 perque
1080 390 1211 418 aerea
1237 385 1352 429 suta,

142 457 226 503 per
250 439 460 487 tunicam
486 438 782 500 squalentem
809 455 934 494 auro,
961 439 1078 484 latus
1104 439 1261 486 haurit
1288 452 1516 501 apertum.

144 507 254 553 inde
280 505 462 552 Lichan
490 505 616 561 ferit,
643 520 885 551 exsectum
911 505 1006 551 iam
1031 520 1177 552 matre
1203 519 1461 568 perempta,

144 588 190 620 et
217 572 315 629 tibi,
347 572 552 629 Phoebe,
578 589 776 628 sacrum,
803 589 931 618 casus
957 572 1152 618 evadere
1180 573 1289 619 ferri

144 640 270 703 quod
295 639 432 686 licuit
457 657 612 702 parvo.
685 656 772 686 nec
801 639 956 700 longe,
984 640 1144 686 Cissea
1168 641 1339 686 durum

143 707 482 771 inmanemque
510 707 664 768 Gyan,
694 720 956 753 sternentes
982 706 1167 768 agmina
1193 708 1340 763 clava,

143 773 317 820 deiecit
343 775 471 831 let03
509 774 628 820 nihil
656 774 759 820 illos
788 773 1013 819 Herculis
1040 791 1179 830 arma,

143 857 232 887 nec
259 841 438 887 validae
464 841 624 888 iuvere
649 858 814 887 manus
841 841 1119 904 genitorque
1147 841 1435 903 Melampus,
1516 866 1577 896 320

142 907 341 954 Alcidae
368 925 524 955 comes
551 925 697 970 usque
723 925 885 970 graves
911 908 1025 954 dum
1053 923 1172 954 terra
1200 908 1377 954 labores

141 975 371 1037 praebuit.
442 992 554 1022 ecce
583 975 748 1031 Pharo,
774 992 912 1021 voces
939 975 1052 1021 dum
1079 975 1219 1021 iactat
1243 975 1434 1031 inertes,

142 1042 417 1104 intorquens
442 1042 651 1089 iaculum
678 1042 901 1089 clamanti
930 1042 1047 1089 sistit
1073 1042 1122 1088 in
1149 1059 1242 1089 ore.

143 1122 193 1156 tu
220 1126 425 1172 quoque,
451 1108 705 1156 flaventem
730 1110 882 1172 prima
911 1109 1132 1170 lanugine
1160 1109 1302 1155 malas

142 1176 256 1222 dum
281 1176 485 1239 sequeris
513 1176 730 1238 Clytium
757 1177 941 1233 infelix,
970 1194 1090 1223 nova
1115 1176 1296 1238 gaudia,
1327 1176 1513 1237 Cydon,

143 1244 380 1291 Dardania
406 1257 571 1290 stratus
597 1244 772 1301 dextra,
802 1261 989 1290 securus
1015 1260 1241 1299 amorum,

143 1310 224 1374 qui
250 1310 479 1357 iuvenum
506 1311 592 1357 tibi
620 1328 802 1373 semper
829 1325 975 1368 erant,
1002 1311 1278 1368 miserande,
1307 1310 1494 1366 iacere5‚

143 1378 194 1424 ni
219 1378 411 1423 fratrum
437 1378 602 1440 stipata
628 1380 791 1424 cohors
818 1379 937 1425 foret
963 1378 1114 1435 obvia,
1143 1377 1313 1424 Phorci

143 1445 399 1507 progenies„
428 1458 609 1507 septem
636 1462 849 1502 numero,
877 1458 1163 1508 septenaque
1189 1446 1282 1491 tela

143 1512 390 1558 coniciunt
412 1533 425 1568 ;
463 1512 635 1574 partim
661 1513 790 1573 galea
816 1512 1065 1575 clipeoque
1092 1513 1323 1558 resultant
1517 1535 1578 1565 330

143 1578 295 1634 inrita,
323 1578 519 1626 deflexit
544 1579 715 1642 partim
736 1579 1013 1640 stringentia
1039 1596 1205 1641 corpus

145 1646 264 1692 alma
288 1646 471 1693 Venus.
543 1646 691 1692 fidum
715 1647 902 1692 Aeneas
928 1646 1109 1692 adfatur
1133 1647 1355 1692 Achaten
1380 1663 1390 1692 :

143 1729 333 1774 suggere
360 1713 452 1759 tela
478 1713 594 1758 mihi
621 1733 634 1769 ;
672 1730 768 1758 non
796 1713 949 1759 ullum
975 1713 1167 1759 dextera
1192 1713 1359 1759 frustra

141 1780 323 1827 torserit
347 1780 396 1826 in
425 1780 643 1837 Rutulos,
671 1793 903 1826 steterunt
929 1797 1047 1842 quae
1074 1780 1122 1825 in
1150 1797 1343 1842 corpore
1372 1779 1576 1826 Graium

141 1847 299 1894 Iliacis
325 1847 530 1909 campis?
603 1861 705 1894 tum
731 1863 949 1908 magnam
975 1847 1172 1910 corripit
1197 1848 1392 1903 hastam,

143 1928 189 1961 et
213 1914 323 1961 iacit
345 1935 359 1971 ;
395 1914 478 1960 illa
502 1915 662 1960 volans
690 1914 831 1976 clipei
859 1915 1200 1961 transverberat
1226 1931 1328 1960 aera

144 1981 378 2038 Maeonis,
406 1994 452 2028 et
477 1982 666 2028 thoraca
690 1981 828 2027 simul
856 1998 967 2028 curn
994 1995 1182 2043 pectore
1208 1980 1401 2043 rumpit.

141 2049 253 2095 huic
280 2049 420 2095 frater
444 2048 568 2094 subit
593 2049 819 2104 Alcanor,
845 2048 1130 2111 fratremque
1156 2061 1374 2094 ruentem

142 2128 369 2162 sustentat
395 2115 556 2161 dextra
580 2134 590 2162 :
629 2115 825 2162 traiecto
850 2115 985 2162 missa
1011 2116 1185 2162 lacerto

143 2182 362 2245 protinus
388 2183 519 2229 hasta
548 2182 673 2244 fugit
698 2196 946 2245 servatque
973 2196 1168 2229 cruenta
1194 2196 1423 2239 tenorem,
1516 2205 1578 2236 340

141 2249 426 2313 dexteraque
452 2266 511 2296 ex
537 2267 699 2296 umero
725 2250 879 2296 nervis
906 2249 1187 2296 moribunda
1211 2248 1457 2312 pependit.

144 2330 245 2363 tum
270 2316 515 2374 Numitor,
541 2317 695 2364 iaculo
721 2317 872 2363 fratris
898 2317 955 2363 de
982 2334 1175 2379 corpore
1201 2330 1347 2378 rapto,

142 2384 337 2429 Aenean
362 2384 500 2446 petiit
521 2403 535 2439 ;
571 2384 651 2431 sed
676 2401 772 2431 non
799 2398 846 2431 et
870 2383 1011 2445 figere
1038 2397 1200 2431 contra

144 2462 212 2496 est
238 2450 442 2508 licitum,
465 2452 717 2515 magnique
744 2452 898 2498 femur
922 2451 1199 2514 perstrinxit
1222 2451 1448 2498 Achatae.

142 2516 220 2562 hic
244 2516 462 2573 Curibus,
490 2518 636 2565 fidens
660 2519 903 2581 primaevo
929 2535 1140 2581 corpore,
1168 2517 1368 2564 Clausus

144 2583 349 2640 advenit,
376 2597 422 2630 et
446 2584 593 2645 rigida
617 2585 861 2648 Dryopem
887 2586 995 2632 ferit
1021 2586 1205 2631 eminus
1230 2586 1359 2630 hasta

143 2651 228 2698 sub
254 2663 488 2707 mentum,
513 2651 712 2712 graviter
736 2670 904 2713 pressa,
929 2653 1197 2715 pariterque
1224 2649 1459 2714 loquentis

593 2739 666 2776 317
697 2742 770 2778 quo
787 2729 894 2765 licuit
915 2731 1054 2777 parvo?
