1861 3256
574 239 851 277 AENEIDOS
881 239 986 277 LIB.
1016 240 1058 277 V
1524 253 1594 289 191

156 350 285 396 solve
311 362 497 405 metus;
534 361 580 393 et
605 360 656 393 tu
685 347 923 394 Troianos
950 364 1071 394 exue
1097 347 1313 394 caestus?
1533 373 1595 401 420

155 417 273 462 haec
300 416 424 462 fatus
449 413 696 476 duplicem
722 431 780 459 ex
808 414 980 461 umeris
1007 413 1176 462 reiecit
1200 414 1447 472 amictum,

157 497 203 529 et
229 499 422 558 magnos
448 481 775 528 membrorum
800 495 943 539 artus,
970 499 1140 557 magna
1164 499 1265 528 ossa
1291 481 1590 544 lacertosque

157 550 304 607 exuit,
331 562 473 612 atque
500 547 666 609 ingens
694 547 848 593 media
875 548 1093 596 consistit
1117 550 1310 596 harena.

155 630 259 663 tum
285 630 409 664 satus
434 615 648 662 Anchisa
673 627 856 661 caestus
883 630 1016 677 pater
1042 616 1218 662 extulit
1243 633 1432 679 aequos,

155 698 202 731 et
226 684 415 758 paribus
440 683 620 745 palmas
647 681 931 727 amborum
920 683 1145 729 mnexuit
1171 683 1324 730 armis.

154 750 371 798 constitit
397 750 447 796 in
474 749 644 810 digitos
672 749 917 811 extemplo
943 764 1151 796 arrectus
1179 764 1394 814 uterque,

153 817 470 880 bracchiaque
497 816 556 863 ad
581 833 770 878 superas
797 815 1044 862 interritus
1072 817 1246 864 extulit
1271 835 1420 865 auras.

153 885 392 931 abduxere
419 897 545 931 retro
570 884 712 944 longe
739 883 894 945 capita
921 883 1067 930 ardua
1093 885 1151 930 ab
1177 884 1294 943 ictu,

152 951 507 1014 inmiscentque
533 967 702 997 manus
728 950 963 1008 manibus,
989 968 1295 1015 pugnamque
1321 952 1592 1008 lacessunt3

152 1019 235 1064 ille
260 1019 438 1080 pedum
464 1017 635 1064 melior
660 1031 793 1064 motu
820 1018 1102 1081 fretusque
1091 1032 1304 1077 luventa‚
1532 1044 1595 1074 430

150 1085 229 1131 hic
256 1085 480 1131 membris
507 1099 554 1132 et
580 1085 706 1132 mole
736 1085 930 1132 v2a1ens
969 1086 1050 1132 sed
1077 1086 1208 1132 tarda
1234 1086 1459 1132 trementi

149 1169 303 1213 genua
329 1152 508 1228 labant,
534 1166 688 1200 vastos
715 1152 869 1216 quatit
896 1169 1030 1214 aeger
1055 1153 1296 1199 anhelitus
1323 1167 1466 1199 artUS.

149 1219 300 1265 multa
325 1219 413 1265 vari
441 1220 736 1283 nequiquam
763 1219 891 1266 inter
917 1236 964 1266 se
989 1220 1190 1266 vulnera
1216 1219 1412 1278 iactant,

150 1287 299 1333 multa
324 1303 447 1334 cavo
466 1287 601 1334 lateri
628 1287 944 1348 ingeminant,
973 1300 1020 1334 et
1044 1301 1240 1350 pectore
1265 1301 1416 1335 vastos

150 1354 267 1400 dant
292 1354 507 1411 sonitus3
543 1368 764 1417 erratque
791 1372 924 1401 aures
951 1368 999 1402 et
1024 1367 1238 1417 tempora
1264 1354 1448 1401 circum

152 1421 315 1467 crebra
341 1438 524 1479 manus,
552 1422 672 1468 duro
699 1422 938 1484 crepitant
965 1422 1051 1468 sub
1077 1422 1277 1468 vulnere
1303 1422 1473 1468 malae.

150 1501 241 1534 stat
266 1487 416 1548 gravis
443 1489 663 1535 Entellus
692 1488 894 1551 nisuque
922 1489 1134 1535 inmotus
1162 1489 1347 1547 eodem,

151 1572 344 1618 corpore
372 1556 467 1602 tela
494 1556 636 1602 modo
663 1570 804 1618 atque
831 1556 984 1602 oculis
1010 1556 1318 1617 vigilantibus
1347 1556 1460 1603 exit.

150 1621 251 1679 ille,
277 1623 411 1669 velut
437 1623 611 1669 celsam
637 1636 880 1684 oppugnat
907 1623 988 1685 qui
1016 1623 1221 1669 molibus
1249 1623 1416 1670 urbem

149 1702 230 1735 aut
255 1703 484 1736 montana
510 1689 642 1736 sedet
668 1689 851 1736 circum
878 1690 1074 1735 castella
1099 1690 1185 1736 sub
1212 1689 1368 1747 armis,
1531 1716 1593 1744 440

148 1772 278 1801 nunc
305 1757 405 1814 hos,
434 1772 565 1802 nunc
592 1756 701 1802 illos
728 1756 899 1813 aditus,
927 1773 1220 1820 omnemque
1246 1772 1459 1819 pererrat

147 1835 246 1869 arte
272 1823 449 1880 locum,
476 1836 523 1869 et
547 1822 685 1869 variis
713 1822 977 1869 adsultibus
1003 1823 1173 1870 inritus
1202 1838 1386 1885 urguet.

146 1889 355 1936 ostendit
380 1889 598 1936 dextram
623 1889 872 1951 insurgens
899 1891 1120 1937 Entellus
1147 1905 1195 1938 et
1225 1892 1319 1938 alte

148 1956 351 2004 extulit:
387 1956 470 2003 ille
496 1957 648 2004 ictum
673 1957 954 2004 venientem
981 1975 1005 2004 a
1030 1959 1208 2006 vertice
1234 1959 1371 2006 velox

146 2023 395 2085 praevidit,
422 2024 665 2087 celerique
694 2025 876 2088 elapsus
905 2042 1103 2088 corpore
1131 2026 1285 2073 cessit.

147 2091 368 2137 Entellus
393 2091 514 2138 vires
540 2091 592 2138 in
618 2105 819 2138 ventum
846 2092 1033 2150 effudit,
1061 2107 1107 2140 et
1133 2093 1257 2139 ultro

146 2157 244 2220 ipse
270 2157 420 2218 gravis
446 2159 746 2222 graviterque
772 2159 832 2205 ad
858 2172 1032 2205 terram
1057 2159 1270 2222 pondere
1295 2174 1427 2206 vasto

147 2225 377 2282 concidit,
406 2238 458 2272 ut
483 2226 728 2288 quondam
755 2242 868 2272 cava
895 2225 1110 2273 concidit
1137 2241 1217 2273 aut
1250 2227 1548 2288 Erymantho

148 2305 228 2338 aut
254 2292 339 2338 Ida
364 2292 416 2339 in
443 2310 613 2354 magna
639 2292 879 2339 radicibus
906 2307 1040 2339 eruta
1068 2293 1222 2355 pinus.

149 2373 443 2420 consurgunt
468 2359 633 2406 studiis
661 2359 845 2406 Teucri
873 2374 920 2407 et
947 2360 1204 2407 Trinacria
1229 2361 1411 2423 pubes;
1527 2387 1590 2415 450

148 2424 186 2470 it
210 2425 389 2472 clamor
414 2427 564 2485 caelo,
590 2426 884 2502 primusque·
895 2427 1102 2474 accurrit
1126 2429 1340 2485 Acestes,

151 2507 537 2557 aequaevumque
564 2493 621 2540 ab
647 2494 795 2540 humo
822 2494 1048 2541 miserans
1075 2495 1255 2542 attollit
1281 2495 1504 2543 amicum.

150 2571 195 2602 at
221 2574 317 2604 non
343 2560 551 2607 tardatus
578 2578 688 2608 casu
715 2578 873 2625 neque
901 2561 1094 2608 territus
1118 2563 1256 2609 heros

150 2623 300 2670 acrior
325 2625 384 2671 ad
407 2644 614 2688 pugnam
640 2628 778 2686 redit,
807 2646 859 2675 ac
885 2629 983 2675 vim
1009 2629 1203 2676 suscitat
1227 2629 1326 2686 ira3

151 2704 253 2736 tum
278 2691 431 2752 pudor
455 2692 676 2741 incendit
699 2695 820 2742 vires
847 2710 893 2743 et
918 2697 1109 2743 conscia
1134 2696 1298 2754 virtus,

687 2783 766 2822 449
798 2773 990 2811 radicitus.
