1866 3208
576 237 850 274 AENEIDos
881 237 985 274 LIB.
1014 236 1075 273 lx
1496 249 1574 287 279

147 350 242 395 tela
268 360 456 410 gerunt.
526 344 671 390 instat
698 344 987 390 Mnestheus
1014 361 1217 407 acerque
1245 345 1471 401 Serestus,

147 433 264 479 quos
288 428 422 479 pater
445 413 645 468 AeneaS,
673 408 708 456 si
736 411 930 473 quando
957 411 1148 458 adversa
1174 426 1419 469 vocarent,

145 497 351 529 rectores
377 481 606 527 iuvenum
633 491 680 524 et
705 494 865 524 rerum
891 478 1023 525 dedit
1049 496 1146 525 esse
1173 478 1433 539 magistros.

146 549 298 596 omnis
323 565 407 612 per
431 563 586 594 muros
612 544 751 619 legio,
780 544 941 591 sortita
966 546 1219 608 periclum,

148 617 353 663 excubat
380 627 666 676 exercetque
692 611 834 670 vices,
863 613 993 675 quod
1017 613 1190 676 cuique
1217 612 1453 660 tuendum
1480 626 1565 661 est.

214 682 361 729 Nisus
388 695 485 728 erat
509 693 675 744 portae
701 692 874 737 custOS,
902 679 1157 726 acerrimus
1184 680 1339 739 armis,

147 749 451 812 Hyrtacides,
477 747 704 795 comitem
728 747 922 793 Aeneae
950 764 1094 809 quem
1119 747 1311 794 miserat
1336 748 1422 794 Ida

144 816 379 873 venatrix,
404 815 560 862 iaculo
585 813 794 860 celerem
822 814 1101 877 levibusque
1128 815 1304 875 sagittis
1328 835 1341 869 3

149 896 196 930 et
221 883 352 929 iuxta
376 899 532 929 comes
560 881 809 942 EuryaIUS,
837 898 933 943 quo
959 881 1207 943 pulchrior
1233 882 1352 927 alter

146 967 242 996 non
269 949 363 996 fuit
385 948 670 995 Aeneadum
697 948 913 994 Troiana
941 965 1098 1011 neque
1124 948 1284 995 induit
1311 966 1454 1006 arma,
1521 963 1582 995 180

145 1035 224 1063 ora
248 1033 368 1079 puer
390 1015 543 1078 prima
570 1015 758 1076 signans
785 1015 975 1061 intonsa
1002 1015 1215 1063 iuventa.

144 1083 215 1130 his
242 1100 369 1129 amor
394 1099 516 1129 unus
544 1096 656 1140 erat,
682 1082 954 1145 pariterque
982 1082 1031 1128 in
1059 1083 1187 1130 bella
1211 1083 1448 1130 ruebant·
1436 1103 1450 1137 3

144 1164 245 1197 tum
271 1167 460 1225 quoque
486 1150 732 1197 communi
757 1164 945 1212 portam
971 1150 1174 1196 statione
1201 1151 1448 1197 tenebant.

145 1217 290 1264 Nisus
316 1217 415 1264 ait:
453 1222 465 1241 ‘
483 1217 595 1263 dine
621 1218 751 1263 hunc
781 1217 997 1263 ardorem
1024 1217 1268 1264 mentibus
1295 1217 1495 1275 addunt,

145 1285 366 1347 Euryale,
393 1301 451 1330 an
478 1301 558 1331 sua
584 1283 759 1347 cuique
786 1284 902 1330 deus
929 1284 982 1330 fit
1008 1284 1108 1330 dira
1135 1284 1349 1347 cupido?

144 1364 224 1398 aut
248 1368 460 1414 pugnam
485 1365 566 1399 aut
591 1351 774 1414 aliquid
799 1350 1083 1398 iamdudum
1103 1351 1328 1398 invadere
1354 1369 1582 1413 magnum

143 1435 277 1464 mens
303 1418 446 1479 agitat
471 1418 606 1476 mihi,
635 1435 724 1465 nec
751 1418 940 1481 placida
965 1432 1192 1466 contenta
1219 1419 1381 1482 quiete
1407 1433 1491 1466 est.

145 1485 314 1543 cernis,
342 1502 462 1548 quae
489 1485 694 1532 Rutulos
721 1485 894 1532 habeat
920 1486 1095 1532 fiducia
1120 1504 1294 1534 rerum.

143 1551 328 1598 lumina
354 1570 455 1599 rara
479 1552 660 1599 micant
681 1573 695 1610 3
733 1570 901 1599 somno
925 1552 1135 1616 vinoque
1163 1553 1303 1599 soluti

146 1619 442 1682 procubuere
465 1640 478 1677 3
515 1619 659 1666 silent
685 1620 781 1666 late
808 1620 912 1666 loca
935 1641 948 1677 3
985 1620 1180 1683 percipe
1204 1637 1360 1683 porro,
1524 1646 1586 1676 190

144 1686 259 1750 quid
285 1686 504 1733 dubitem
531 1700 578 1733 et
605 1704 724 1750 quae
751 1703 882 1733 nunc
911 1688 1071 1733 animo
1097 1688 1336 1734 sententia
1360 1702 1534 1749 surgat.

141 1755 341 1800 Aenean
369 1753 511 1800 acciri
539 1770 721 1812 omnes,
749 1754 1050 1817 populusque
1075 1769 1342 1818 patresque,

146 1834 426 1883 exposcunt,
453 1820 678 1884 mittique
702 1821 842 1879 viros,
870 1821 951 1885 qui
979 1836 1107 1868 certa
1133 1835 1396 1885 reportent.

144 1887 179 1934 si
206 1887 292 1934 tibi
318 1905 438 1951 quae
463 1905 609 1951 posco
633 1888 1107 1951 promittunt—nam
1134 1889 1252 1936 mihi
1280 1889 1396 1936 facti

143 1954 270 2001 fama
295 1967 362 2001 sat
389 1956 719 2002 est—tumulo
744 1955 911 2002 videor
935 1956 1142 2019 reperire
1171 1957 1255 2004 sub
1281 1956 1367 2004 illo

142 2039 277 2084 posse
302 2022 428 2068 viam
455 2022 514 2068 ad
539 2039 699 2069 muros
726 2035 773 2069 et
798 2023 991 2069 moenia
1019 2024 1299 2072 Pallantea.'

144 2088 374 2151 obstipuit
399 2105 571 2149 magno
596 2089 793 2136 laudum
820 2107 1064 2152 percussus
1091 2108 1249 2137 amore

145 2155 378 2217 Euryalus
402 2176 415 2213 ;
453 2156 593 2202 simul
620 2156 690 2202 his
718 2157 968 2203 ardentem
994 2158 1179 2204 adfatur
1204 2157 1412 2205 amicum
1437 2175 1447 2204 :

146 2239 287 2269 mene
314 2222 459 2283 igitur
484 2222 666 2270 socium
693 2223 888 2270 summis
915 2224 1172 2285 adiungere
1198 2225 1352 2282 rebus,

145 2289 279 2347 Nise,
306 2290 465 2351 fugis?
502 2290 654 2337 solum
681 2304 728 2337 te
754 2290 805 2337 in
833 2303 962 2337 tanta
986 2292 1201 2354 pericula
1228 2292 1452 2339 mittam?
1523 2316 1586 2338 200

146 2373 244 2402 non
270 2357 336 2404 ita
362 2374 438 2404 me
464 2357 669 2419 genitor,
695 2358 834 2405 bellis
862 2358 1082 2405 adsuetus
1111 2360 1363 2421 OphelteS,

146 2424 424 2484 Argolicum
451 2438 680 2472 terrorem
706 2425 833 2472 inter
859 2426 1134 2489 Troiaeque
1162 2427 1342 2474 labores

148 2490 387 2538 sublatum
414 2492 588 2539 erudiit
611 2513 625 2550 3
662 2510 753 2540 nec
781 2506 943 2540 tecum
975 2493 1086 2540 talia
1112 2494 1246 2555 gessi,

148 2557 502 2616 magnanimum
525 2560 727 2607 Aenean
755 2574 802 2608 et
827 2561 923 2608 fata
952 2574 1165 2608 extrema
1190 2575 1412 2608 secutus:

150 2635 218 2668 est
241 2622 337 2680 hic,
366 2637 434 2671 est
459 2626 643 2673 animus
671 2627 790 2673 lucis
799 2641 1138 2703 ‘co,ntemptor
1168 2642 1214 2675 et
1239 2628 1381 2674 istum

149 2688 231 2751 qui
257 2689 354 2735 vita
378 2689 501 2738 bene
528 2694 688 2740 credat
717 2694 826 2752 emi,
855 2713 950 2757 quo
984 2696 1158 2752 tendis,
1181 2694 1448 2741 honorem.²

150 2755 297 2802 Nisus
322 2756 381 2802 ad
405 2757 560 2805 haec·
601 2760 855 2822 ‘equidem
882 2762 941 2808 de
969 2775 1015 2809 te
1042 2762 1111 2808 nil
1139 2762 1234 2808 tale
1259 2761 1468 2817 verebar,
