1861 3256
280 266 352 316 176
707 313 712 317 x
730 261 773 299 P.
801 258 1035 298 VERGILI
1064 259 1320 298 MARONIS

349 385 513 415 verum
540 384 714 429 anceps
737 383 923 428 pugnae
948 366 1101 413 fuerat
1125 367 1332 413 fortuna.
1403 365 1595 419 fuisset3

351 451 492 497 quem
518 433 666 480 metui
694 432 948 479 moritura?
983 433 1106 479 faces
1132 433 1182 479 in
1209 446 1353 479 castra
1381 431 1606 489 tulissem,

350 501 700 562 inplessemque
727 498 848 543 foros
874 497 1088 557 flammis,
1115 512 1375 561 natumque
1399 509 1677 560 patremque

351 583 458 613 cum
483 580 655 625 genere
683 563 962 622 exsfinxem,
989 578 1168 611 memet
1194 582 1330 626 super
1355 563 1453 625 ipsa
1479 563 1728 610 dedissem.

352 632 444 688 Sol,
472 630 550 693 qui
577 642 805 676 terrarum
829 629 1028 677 flammis
1051 649 1190 693 opera
1215 630 1374 677 omnia
1400 629 1578 686 lustras,

350 710 495 758 tuque
521 697 687 742 harum
713 696 945 758 interpres
969 714 1185 743 curarum
1211 709 1257 742 et
1283 694 1469 742 conscia
1494 696 1632 750 Iuno,

350 762 688 824 nocturnisque
715 763 902 808 Hecate
928 763 1073 809 triviis
1099 764 1278 809 ululata
1303 778 1387 823 per
1412 761 1563 818 urbes,

350 841 397 875 et
421 828 565 875 Dirae
591 828 796 885 ultrices,
825 842 870 874 et
895 829 942 874 di
968 829 1212 875 morientis
1239 828 1430 885 Elissae,
1708 843 1770 872 610

349 894 550 956 accipite
574 895 708 951 haec,
734 895 1050 958 meritumque
1075 895 1208 941 malis
1234 893 1464 940 advertite
1490 909 1687 950 numen,

352 974 397 1007 et
423 973 598 1006 nostras
623 960 779 1006 audite
805 978 983 1022 preces.
1053 961 1087 1007 si
1115 974 1304 1021 tangere
1327 972 1488 1022 portus

350 1027 602 1073 infandum
628 1040 766 1088 caput
791 1044 842 1073 ac
870 1027 1001 1074 terris
1024 1028 1197 1074 adnare
1222 1043 1412 1072 necesse
1439 1037 1520 1082 est,

352 1106 399 1139 et
423 1091 487 1139 sic
514 1093 609 1139 fata
635 1093 758 1138 Iovis
784 1107 997 1154 poscunt,
1023 1093 1099 1140 hic
1126 1093 1352 1140 terminus
1377 1093 1569 1138 haeret:

351 1172 398 1206 at
421 1160 550 1205 bello
575 1159 763 1205 audacis
787 1159 949 1220 populi
974 1173 1165 1205 vexatus
1191 1172 1238 1205 et
1263 1158 1414 1215 armis„

352 1225 523 1271 finibus
548 1225 756 1282 extorris,
784 1225 1035 1286 complexu
1063 1226 1243 1271 avulsus
1267 1225 1377 1282 Iuli,

351 1291 579 1337 auxilium
606 1291 827 1352 inploret,
854 1291 1105 1354 videatque
1130 1291 1324 1351 indigna
1348 1307 1537 1337 suorum

352 1359 549 1413 funera3
586 1374 688 1413 nec,
716 1374 825 1404 cum
851 1374 897 1403 se
925 1358 1006 1403 sub
1033 1359 1154 1417 leges
1178 1357 1305 1418 pacis
1329 1357 1521 1418 iniquae

352 1423 612 1480 tradiderit,
640 1441 785 1484 regno
811 1436 891 1469 aut
916 1436 1075 1485 optata
1102 1423 1207 1468 luce
1233 1423 1427 1480 fruatur,

353 1490 433 1535 sed
458 1490 594 1536 cadat
620 1504 730 1536 ante
756 1490 884 1536 diem
910 1490 1160 1551 mediaque
1186 1488 1459 1534 inhumatus
1484 1490 1676 1534 harena.
1710 1503 1748 1532 62

351 1558 467 1603 haec
506 1573 703 1618 precor3
738 1557 862 1602 hanc
900 1572 1066 1602 vocem
1103 1568 1363 1601 extremam
1399 1572 1507 1602 cum
1545 1553 1769 1614 sanguine

485 1623 651 1669 fundo.
990 1670 994 1673 ,

353 1701 453 1735 tum
478 1706 573 1745 vos,
600 1706 628 1734 o
655 1689 810 1750 Tyrii,
838 1689 1030 1751 stirpem
1060 1701 1104 1735 et
1128 1705 1271 1748 genus
1297 1704 1439 1734 omne
1465 1687 1677 1733 futurum

353 1768 566 1802 exercete
592 1755 724 1812 odiis,
751 1755 994 1816 cinerique
1020 1756 1136 1800 haec
1163 1754 1337 1799 mittite
1363 1766 1521 1798 nostro

351 1838 561 1868 munera.
634 1821 793 1866 nullus
817 1838 946 1866 amor
970 1820 1173 1882 populis,
1200 1836 1288 1865 nec
1314 1819 1504 1864 foedera
1529 1831 1685 1864 sunto.

354 1887 562 1934 exoriare
588 1887 754 1950 aliquis
781 1886 948 1932 nostris
977 1903 1033 1932 ex
1060 1886 1232 1931 ossibus
1258 1885 1397 1942 ultor,

352 1953 430 2016 qui
456 1954 560 1999 face
585 1952 850 1999 Dardanios
875 1953 1093 2014 ferroque
1119 1968 1310 2014 sequare
1335 1951 1543 2009 colonos,

353 2037 497 2077 nunc,
523 2019 653 2076 olim,
680 2036 978 2081 quocumque
1005 2019 1186 2064 dabunt
1211 2034 1258 2063 se
1285 2030 1496 2079 tempore
1521 2016 1656 2061 vires.

352 2087 490 2132 litora
516 2085 729 2131 litoribus
755 2085 1004 2141 contraria,
1031 2083 1249 2130 fluctibus
1276 2083 1423 2129 undas

353 2153 586 2226 inprecor,
613 2169 739 2197 arma
765 2151 933 2207 armis3
969 2163 1185 2212 pugnent
1210 2149 1391 2212 ipsique
1418 2148 1738 2211 nepotesque.²

353 2221 467 2265 haec
495 2219 574 2275 ait,
603 2231 648 2264 et
671 2231 825 2280 partes
851 2217 1063 2263 animum
1091 2216 1336 2262 v'ersabat
1326 2233 1375 2261 1n
1401 2231 1580 2271 omnes,
1711 2229 1773 2267 630

353 2285 550 2331 invisam
576 2301 804 2347 quaerens
830 2300 971 2346 quam
997 2282 1202 2345 primum
1228 2283 1505 2343 abrumpere
1531 2281 1702 2326 lucem.

356 2364 455 2397 turn
481 2351 686 2397 breviter
711 2351 894 2396 Barcen
921 2349 1156 2395 nutricem
1183 2348 1338 2394 adfata
1365 2345 1593 2407 Sychaei;

355 2434 558 2478 namque
585 2433 714 2462 suam
739 2415 890 2477 patria
916 2415 1106 2477 antiqua
1133 2414 1251 2460 cinis
1274 2426 1371 2459 ater
1394 2411 1625 2458 habebat:

328 2484 543 2529 ‘Annam
570 2499 674 2527 cara
700 2481 816 2527 mihi
845 2480 1004 2526 nutrix
1030 2482 1123 2526 huc
1150 2480 1254 2525 siste
1280 2493 1511 2533 sororem3

354 2549 445 2606 dic,
472 2564 637 2609 corpus
661 2559 882 2608 properet
907 2545 1083 2591 fluviali
1110 2561 1321 2607 spargere
1345 2544 1551 2605 lympha,

357 2629 402 2662 et
426 2614 630 2677 pecudes
657 2628 814 2658 secum
839 2624 886 2658 et
910 2624 1164 2657 monstrata
1189 2610 1375 2672 piacula
1401 2610 1570 2655 ducat:

357 2682 417 2728 sic
444 2679 618 2738 veniat,
647 2690 790 2740 tuque
816 2677 914 2740 ipsa
938 2677 1015 2740 pia
1043 2690 1143 2737 tege
1171 2689 1380 2738 tempora
1404 2675 1534 2722 vitta.

859 2755 934 2804 632
965 2754 1118 2805 Sychaei
1141 2761 1206 2791 est.
