1861 3256
702 222 747 259 P.
776 220 1012 258 VERGILI
1040 221 1302 259 MARONIS

318 341 420 376 tum
446 328 640 374 demum
667 343 816 373 crassa
842 343 1065 387 magnum
1091 328 1320 388 farragine
1346 344 1512 388 corpus

319 411 527 441 crescere
553 394 646 439 iam
673 392 862 438 domitis
889 393 1031 440 sinito
1056 413 1066 441 ;
1104 411 1307 457 namque
1329 407 1437 440 ante
1456 394 1743 442 domandum

317 461 534 521 ingentes
562 459 735 505 tollent
761 459 941 506 animos
968 460 1218 523 prensique
1244 460 1484 520 negabunt

317 528 510 573 verbera
536 526 665 571 lenta
690 525 787 586 pati
815 539 861 572 et
887 526 1013 573 duris
1037 543 1193 589 parere
1219 526 1408 588 lupatis.

385 592 465 638 sed
490 608 586 637 non
613 592 709 637 ulla
735 592 880 653 magis
907 593 1025 640 vires
1051 593 1280 639 industria
1307 593 1477 649 firmat,

317 675 458 733 quam
484 659 728 704 Venerem
755 672 801 704 et
827 660 956 705 caeci
983 660 1195 706 stimulos
1221 672 1428 705 avertere
1454 659 1639 716 amoris,

318 726 413 772 sive
439 724 583 770 boum
609 724 705 771 sive
732 737 801 771 est
827 725 904 772 cui
931 726 1102 786 gratior
1127 743 1233 772 usus
1260 742 1502 787 equorum.

318 804 454 854 atque
481 791 588 837 ideo
615 804 771 837 tauros
798 794 965 854 procul
994 806 1133 855 atque
1159 792 1208 838 in
1236 793 1330 838 sola
1355 792 1568 852 relegant

317 874 486 920 pascua
509 870 612 918 post
637 871 855 905 montem
881 859 1151 921 oppositum
1178 872 1222 905 et
1248 871 1374 904 trans
1398 857 1598 904 flumina
1622 857 1730 914 lata,

318 937 396 971 aut
423 924 551 970 intus
577 925 757 970 clausos
786 938 939 972 satura
967 926 1026 971 ad
1049 925 1289 988 praesepia
1314 937 1512 971 servant.

318 991 466 1052 carpit
493 990 621 1036 enim
647 991 766 1036 vires
793 991 1023 1052 paulatim
1050 992 1236 1054 uritque
1261 991 1467 1037 videndo

318 1058 509 1113 femina,
538 1073 626 1102 nec
655 1074 907 1103 nemorum
934 1058 1114 1120 patitur
1141 1058 1411 1104 meminisse
1438 1074 1525 1104 nec
1551 1058 1725 1104 herbae

316 1124 534 1170 dulcibus
559 1124 641 1169 illa
668 1123 863 1186 quidem
891 1124 1162 1181 inlecebris,
1188 1138 1234 1171 et
1261 1142 1395 1186 saepe
1421 1125 1644 1187 superbos

318 1191 538 1237 cornibus
565 1190 690 1236 inter
717 1207 763 1236 se
791 1191 964 1251 subigit
990 1191 1243 1238 decernere
1269 1204 1495 1238 amantes.

317 1258 526 1320 pascitur
550 1257 599 1302 in
627 1273 796 1317 magna
827 1257 920 1303 Sila
948 1258 1151 1303 formosa
1175 1258 1376 1304 iuvenca
1400 1277 1410 1305 ε

317 1323 389 1369 illi
415 1324 702 1369 alternantes
729 1324 881 1369 multa
908 1323 953 1369 vi
980 1324 1159 1386 proelia
1183 1324 1386 1370 miscent
1688 1347 1751 1369 220

317 1390 590 1436 vulneribus
617 1390 789 1436 crebris
814 1410 828 1446 ;
865 1390 982 1436 lavit
1007 1403 1105 1436 ater
1131 1407 1325 1452 corpora
1351 1391 1550 1450 sanguis,

317 1473 541 1519 versaque
567 1457 617 1502 in
645 1457 845 1503 obnixos
875 1470 1135 1517 urguentur
1160 1473 1337 1503 cornua
1363 1470 1491 1503 vasto

317 1540 427 1571 cum
452 1523 632 1584 gemitu
657 1545 670 1580 3
708 1524 909 1569 reboant
937 1524 1175 1586 silvaeque
1203 1536 1249 1569 et
1275 1524 1440 1584 longus
1466 1523 1720 1586 Olympus-

317 1607 407 1636 nec
434 1607 533 1636 mos
560 1590 792 1636 bellantes
822 1607 915 1635 una
941 1591 1187 1664 stabulare,
1214 1590 1294 1636 sed
1320 1591 1438 1636 alter

316 1657 469 1703 victus
495 1657 592 1702 abit
619 1657 854 1730 longeque
882 1656 1054 1716 ignotis
1082 1657 1263 1702 exsulat
1288 1656 1393 1714 oris,

317 1723 467 1770 multa
491 1739 682 1783 gemens
708 1723 1018 1797 ignominiam
1045 1723 1290 1785 plagasque
1316 1723 1501 1785 superbi

317 1789 520 1846 victoris,
549 1803 664 1845 tum,
695 1807 806 1852 quos
835 1789 985 1836 amisit
1011 1789 1204 1846 inultus,
1231 1806 1436 1835 amores·
1424 1825 1438 1843 ‚

318 1869 364 1903 et
388 1857 569 1902 stabula
595 1870 837 1918 aspectans
865 1856 1015 1916 regnis
1042 1856 1236 1903 excessit
1261 1856 1409 1903 avitis.

319 1939 426 1983 ergo
451 1940 581 1968 omni
608 1940 720 1969 cura
747 1940 865 1968 v1res
891 1936 1078 1969 exercet
1104 1937 1149 1970 et
1174 1936 1298 1968 1nter

318 1990 434 2036 dura
458 1990 579 2036 iacet
606 1989 774 2051 pernix
801 1989 995 2036 instrato
1020 2006 1125 2035 saxa
1151 1989 1316 2046 cubili,
1689 2013 1751 2044 230

319 2056 562 2102 frondibus
588 2056 777 2103 hirsutis
804 2070 851 2102 et
877 2056 1027 2102 carice
1052 2069 1206 2118 pastus
1231 2069 1380 2111 acuta,

321 2137 366 2170 et
393 2137 591 2186 temptat
617 2140 727 2180 sese,
755 2137 893 2186 atque
920 2123 1050 2169 irasci
1077 2123 1126 2169 in
1153 2140 1327 2169 cornua
1351 2122 1489 2169 discit

321 2190 491 2236 arboris
518 2190 721 2236 obnixus
748 2203 931 2247 trunco,
959 2204 1214 2252 ventosque
1241 2189 1421 2236 lacessit

321 2256 507 2312 ictibus,
536 2270 582 2303 et
609 2274 758 2319 sparsa
784 2257 840 2303 ad
863 2274 1070 2319 pugnam
1095 2256 1302 2319 proludit
1326 2258 1514 2303 harena.

320 2336 424 2385 post
450 2323 530 2369 ubi
557 2324 815 2370 collectum
842 2324 982 2369 robur
1006 2323 1217 2386 viresque
1242 2323 1458 2377 refectae,

321 2389 452 2450 signa
475 2403 648 2447 movet,
674 2407 990 2453 praecepsque
1016 2389 1216 2435 oblitum
1242 2388 1387 2434 fertur
1411 2388 1460 2434 in
1487 2390 1701 2445 hostem;

322 2455 492 2502 fluctus
520 2456 603 2514 uti,
631 2457 787 2502 medio
813 2457 969 2518 coepit
995 2473 1105 2502 cum
1130 2456 1361 2501 albescere
1386 2468 1549 2517 ponto,

323 2523 507 2584 longius
533 2540 589 2569 ex
616 2524 804 2586 altoque
831 2523 985 2569 sinum
1011 2522 1164 2579 trahit,
1192 2535 1337 2586 utque
1362 2523 1548 2569 volutus

323 2590 382 2636 ad
407 2604 546 2637 terras
572 2590 763 2636 inmane
789 2604 919 2637 sonat
943 2607 1026 2651 per
1051 2607 1170 2645 saxa,
1198 2606 1352 2652 neque
1378 2589 1478 2652 ipso

484 2691 558 2728 223
581 2691 753 2727 magnus,
867 2690 943 2728 230
973 2691 1125 2728 pernox.
1236 2688 1310 2728 235
1343 2684 1522 2728 receptae.

823 2744 898 2782 237
929 2740 971 2770 ut
991 2733 1030 2769 in
1050 2732 1186 2770 medio.
