1861 3256
254 241 326 279 160
699 240 743 278 P.
772 239 1006 278 VERGILI
1035 240 1294 279 MARONIS

317 357 444 404 ante,
474 346 645 403 Pudor,
671 361 812 408 quam
840 357 888 391 te
910 345 1053 404 violo,
1081 358 1161 393 aut
1186 359 1264 393 tua
1289 346 1388 393 iura
1413 347 1612 395 resolvo.

316 412 402 459 ille
426 429 573 470 meos,
598 412 776 473 primus
802 411 882 473 qui
907 428 984 458 me
1009 412 1094 459 sibi
1121 412 1292 470 iunxit,
1320 429 1498 459 amores

318 479 543 531 abstulit;
579 478 664 523 ille
688 477 862 524 habeat
887 495 1045 526 secum
1072 492 1319 541 servetque
1350 477 1631 541 sepulchro.'

318 545 383 592 sic
410 545 548 590 effata
573 543 730 589 sinum
756 543 960 590 lacrimis
985 545 1190 607 inplevit
1215 545 1405 592 obortis,
1702 570 1744 601 30

382 611 525 656 Anna
551 610 726 656 refert:
766 613 821 656 ‘o
846 610 954 657 luce
979 612 1123 672 magis
1148 612 1323 658 dilecta
1349 611 1510 670 sorori,

319 676 479 724 solane
503 688 733 738 perpetua
759 692 973 723 maerens
1000 695 1192 740 carpere
1217 678 1427 752 iuventa,

318 760 408 789 nec
435 743 598 788 dulces
624 755 774 800 natos,
800 743 1002 790 Veneris
1030 761 1119 791 nec
1145 744 1354 806 praemia
1380 744 1543 789 noris?

318 809 368 855 id
393 808 605 856 cinerem
633 822 714 855 aut
742 810 915 856 Manes
941 810 1093 856 credis
1119 827 1281 857 curare
1308 811 1554 872 sepultos?

320 889 433 933 esto,
461 892 645 936 aegram
670 875 792 921 nulli
819 876 1060 938 quondam
1086 876 1262 923 flexere
1287 876 1459 934 mariti,

319 959 417 988 non
443 941 639 1003 Libyae,
666 959 763 987 non
791 955 901 988 ante
928 943 1094 1004 Tyro3
1130 943 1380 1005 despectus
1405 942 1580 1000 Iarbas,

319 1009 633 1070 ductoresque
659 1007 755 1065 alii,
782 1025 896 1070 quos
920 1009 1082 1055 Africa
1110 1022 1231 1055 terra
1259 1009 1509 1071 triumphis

319 1075 450 1121 dives
476 1075 590 1120 alit:
627 1073 871 1136 placitone
899 1075 1041 1121 etiam
1066 1076 1296 1138 pugnabis
1323 1075 1506 1122 amori?

321 1158 410 1188 nec
435 1141 568 1187 venit
593 1140 643 1186 in
670 1153 900 1198 mentem,
927 1158 1128 1204 quorum
1155 1142 1423 1188 consederis
1449 1141 1602 1188 arvis?

319 1208 432 1254 hinc
462 1208 700 1254 Gaetulae
727 1207 878 1265 urbes,
903 1224 1048 1268 genus
1075 1208 1394 1270 insuperabile
1421 1209 1566 1266 bello,
1706 1231 1750 1262 40

284 1280 293 1287 '
322 1287 368 1320 et
394 1274 638 1320 Numidae
663 1274 839 1320 infreni
867 1273 1081 1335 cingunt,
1109 1287 1156 1321 et
1180 1275 1420 1337 inhospita
1448 1274 1622 1337 Syrtis3

320 1341 435 1386 hinc
461 1341 643 1386 deserta
670 1340 744 1386 siti
771 1340 914 1400 regio,
942 1341 1132 1403 lateque
1159 1341 1371 1387 furentes

321 1407 558 1453 Barcaei.·
604 1407 720 1469 quid
745 1407 872 1453 bella
899 1407 1033 1469 Tyro
1058 1407 1296 1468 surgentia
1321 1407 1478 1454 dicam

320 1473 630 1536 germanique
656 1473 806 1519 minas
826 1477 842 1519 ?

321 1540 391 1586 dis
419 1540 641 1602 equidem
667 1539 933 1602 auspicibus
959 1557 1065 1586 reor
1090 1552 1137 1586 et
1163 1540 1352 1586 Iunone
1378 1539 1584 1586 secunda

321 1608 451 1653 hunc
477 1623 663 1653 cursum
689 1606 859 1653 Iliacas
883 1619 1030 1653 vento
1057 1607 1262 1653 tenuisse
1288 1606 1483 1654 carinas.

322 1690 463 1736 quam
485 1686 533 1719 tu
553 1673 736 1730 urbem,
755 1690 893 1731 soror,
911 1675 1035 1720 hanc
1057 1690 1237 1730 cernes,
1259 1690 1378 1735 quae
1401 1690 1585 1734 surgere
1606 1689 1749 1733 regna

323 1739 544 1800 coniugio
571 1739 654 1785 tali
678 1740 687 1786 !
729 1740 977 1786 Teucrum
1003 1739 1342 1786 comitantibus
1367 1739 1520 1797 armis,

323 1805 503 1852 Punica
529 1822 576 1852 se
602 1805 790 1868 quantis
817 1806 1007 1851 attollet
1031 1805 1176 1866 gloria
1201 1806 1365 1853 rebus!

323 1885 374 1919 tu
400 1872 543 1918 modo
567 1889 709 1934 posce
735 1872 847 1918 deos
872 1871 1078 1930 veniam,
1106 1871 1339 1935 sacrisque
1366 1872 1514 1918 litatis
1711 1895 1753 1925 50

323 1939 518 1999 indulge
544 1938 766 2000 hospitio,
793 1955 1047 2000 causasque
1074 1938 1268 1984 innecte
1294 1938 1528 1995 morandi,

323 2006 437 2052 dum
462 2005 630 2067 pelago
656 2005 864 2051 desaevit
888 2005 1074 2066 hiemps
1103 2018 1149 2051 et
1175 2022 1372 2067 aquosus
1400 2005 1570 2062 Orion,
1621 2013 1624 2017 “

324 2084 660 2135 quassataeque
686 2084 822 2129 rateS‚
849 2071 963 2117 dum
990 2088 1088 2117 non
1116 2071 1364 2117 tractabile
1391 2071 1607 2117 caelum.’

390 2138 462 2184 his
488 2138 626 2184 dictis
648 2137 902 2184 incensum
930 2137 1143 2184 animum
1169 2137 1483 2184 inflammavit
1509 2154 1682 2194 amore,

324 2221 551 2279 spemque
577 2204 711 2250 dedit
737 2204 908 2250 dubiae
934 2204 1100 2262 menti,
1128 2204 1362 2267 solvitque
1385 2204 1633 2267 pudorem.

324 2271 562 2333 principio
588 2271 785 2317 delubra
812 2271 1005 2328 adeunt,
1033 2288 1295 2333 pacemque
1320 2288 1404 2332 per
1428 2287 1524 2316 aras

327 2338 612 2399 exquirunt:
649 2351 861 2384 mactant
887 2338 1033 2384 lectas
1059 2337 1118 2383 de
1145 2354 1275 2383 more
1302 2337 1521 2383 bidentes

326 2403 549 2464 legiferae
578 2404 743 2450 Cereri
773 2405 1062 2478 Phoeboque
1087 2403 1305 2465 patrique
1331 2403 1506 2464 Lyaeo,

327 2470 503 2516 Iunoni
530 2482 641 2516 ante
668 2487 847 2527 omnes,
876 2469 951 2516 cui
977 2469 1135 2515 vincla
1162 2468 1333 2529 iugalia
1359 2486 1514 2516 curae.

327 2537 441 2599 ipsa,
468 2550 637 2582 tenens
662 2536 827 2582 dextra
853 2549 1080 2597 pateram,
1106 2535 1427 2597 pulcherrima
1452 2535 1583 2582 Dido
1711 2550 1753 2581 60

329 2603 578 2650 candentis
602 2619 774 2649 vaccae
799 2602 956 2648 media
981 2602 1106 2647 inter
1132 2619 1307 2648 cornua
1334 2602 1525 2658 fundit3

329 2683 410 2717 aut
435 2683 546 2717 ante
571 2687 649 2715 ora
674 2669 817 2715 deum
842 2668 1039 2731 pingues
1065 2668 1290 2730 spatiatur
1316 2668 1373 2714 ad
1399 2686 1510 2724 aras,
1553 2727 1558 2734 Ι

561 2757 609 2798 54
639 2747 822 2796 impenso.
882 2745 1109 2785 flammavit.
1169 2745 1215 2796 58
1247 2735 1457 2794 frugifer'ae.
