1861 3256
258 265 330 315 146
710 261 754 300 P.
783 259 1017 299 VERGILI
1046 260 1304 300 MARONIS

394 387 503 432 ergo
528 370 766 431 insperata
792 367 986 414 tandem
1012 367 1185 414 tellure
1209 366 1350 430 potiti

324 438 674 497 lustramurque
701 432 804 479 Iovi
830 432 1046 497 votisque
1071 433 1375 481 incendimus
1399 449 1497 479 aras

322 503 560 564 Actiaque
587 499 747 546 Iliacis
773 499 1068 547 celebramus
1093 500 1232 547 litora
1258 499 1396 546 ludis·
1691 514 1754 546 280

323 579 550 616 exercent
574 565 748 628 patrias
774 565 883 612 oleo
909 566 1102 613 labente
1124 567 1379 630 palaestras

321 633 488 681 nudati
515 632 662 696 socii5
699 632 830 678 iuvat
857 631 1053 680 evasisse
1080 645 1151 680 tot
1176 633 1312 678 urbes

320 699 566 760 Argolicas
609 698 889 762 mediosque
916 699 1075 760 fugam
1102 698 1309 746 tenuisse
1334 714 1419 760 per
1443 698 1618 744 hostes.

319 768 504 812 interea
530 781 756 826 magnum
782 765 849 811 sol
878 764 1268 813 circumvolvitur
1293 780 1488 821 annum,

321 846 367 879 et
392 831 602 893 glacialis
628 831 815 894 hiemps
841 832 1163 895 Aquilonibus
1191 843 1374 893 asperat
1399 829 1548 876 undas
1573 847 1583 876 :

318 916 427 945 aere
454 915 569 945 cavo
595 898 822 960 clipeum,
851 898 1010 959 magni
1036 911 1278 959 gestamen
1304 895 1522 953 Abantis,

318 965 533 1028 postibus
560 964 765 1011 adversis
791 964 881 1025 figo
910 978 957 1011 et
982 981 1083 1011 rem
1109 964 1319 1011 carmine
1345 963 1478 1024 signo
1503 981 1513 1009 :

320 1048 492 1078 AENEAS
520 1047 644 1078 HAEC
671 1047 729 1077 DE
755 1047 922 1077 DANArs
946 1047 1224 1078 vxe‘roiussus
1249 1047 1398 1077 ARMA.

319 1099 539 1161 linquere
567 1111 668 1144 tum
693 1109 856 1160 portus
884 1097 1026 1144 iubeo
1053 1110 1100 1144 et
1125 1096 1373 1144 considere
1400 1094 1627 1143 transtris.

321 1165 541 1212 certatim
568 1163 682 1210 socii
710 1163 894 1210 feriunt
919 1180 1047 1210 mare
1075 1176 1121 1210 et
1146 1180 1349 1226 aequora
1373 1175 1585 1209 verrunt.
1696 1184 1757 1216 290

319 1231 537 1294 protinus
564 1230 706 1277 aerias
737 1231 1009 1277 Phaeacum
1035 1229 1367 1277 abscondimus
1393 1245 1520 1275 arces

322 1299 557 1360 litoraque
584 1296 716 1360 Epiri
746 1296 947 1358 legimus
973 1309 1210 1359 portuque
1235 1295 1445 1342 subimus

323 1364 544 1412 Chaonio
574 1377 620 1410 et
648 1364 825 1410 celsam
854 1362 1077 1409 Buthroti
1105 1361 1374 1409 accedimus
1401 1362 1583 1408 urbem.

390 1432 467 1477 hic
495 1429 794 1477 incredibilis
822 1446 981 1475 rerum
1008 1429 1132 1475 fama
1158 1441 1361 1491 occupat
1386 1445 1534 1485 aures,

325 1498 598 1545 Priamiden
628 1497 879 1543 Helenum
907 1496 1075 1542 Graias
1102 1511 1297 1569 regnare
1322 1511 1408 1558 per
1433 1495 1584 1551 urbes,

325 1564 548 1625 coniugio
573 1563 813 1610 Aeacidae
842 1562 1010 1625 Pyrrhi
1039 1561 1330 1624 sceptrisque
1355 1560 1578 1623 potitum,

326 1645 373 1678 et
397 1631 551 1693 patrio
576 1630 952 1677 Andromachen
979 1628 1154 1675 iterum
1180 1627 1369 1674 cessisse
1394 1627 1579 1673 marito.

326 1697 549 1759 obstipui,
577 1696 793 1770 miroque
819 1696 1072 1742 incensum
1096 1707 1262 1757 pectus
1289 1710 1447 1740 amore

327 1764 618 1826 compellare
643 1762 797 1808 virum
826 1775 873 1808 et
900 1778 1030 1808 casus
1057 1777 1341 1821 cognoscere
1369 1773 1539 1807 tantos.

326 1830 601 1895 progredior
626 1841 782 1891 portu,
810 1828 978 1874 classes
1005 1839 1052 1873 et
1078 1827 1215 1873 litora
1242 1826 1480 1889 linquens,
1700 1849 1762 1880 300

328 1898 584 1945 sollemnes
611 1912 720 1942 cum
748 1895 872 1941 forte
899 1895 1042 1956 dapes
1071 1907 1118 1940 et
1144 1893 1292 1939 tristia
1319 1893 1444 1938 dona

329 1977 440 2011 ante
467 1963 633 2009 urbem
660 1962 709 2007 in
737 1962 848 2008 luco
874 1961 979 2007 falsi
1010 1960 1263 2007 Simoentis
1290 1960 1347 2005 ad
1373 1959 1551 2005 undam

330 2031 510 2077 libabat
535 2028 684 2076 cineri
711 2028 1050 2075 Andromache
1079 2027 1347 2089 Manesque
1371 2026 1572 2072 vocabat

331 2098 632 2144 Hectoreum
692 2095 750 2141 ad
823 2095 1078 2151 tumulum,
1138 2093 1277 2139 viridi
1349 2109 1492 2155 quem
1554 2090 1761 2153 caespite

465 2163 661 2209 inanem

335 2245 380 2277 et
405 2230 634 2291 geminas,
663 2245 851 2276 causam
877 2227 1099 2285 lacrimis,
1127 2238 1389 2272 sacraverat
1414 2241 1525 2270 aras

333 2309 385 2343 ut
411 2313 488 2342 me
514 2296 767 2359 conspexit
792 2295 1071 2342 venientem
1099 2305 1145 2339 et
1171 2293 1320 2338 Tro'sa
1347 2291 1527 2337 circum

334 2380 460 2409 arma
487 2379 651 2408 amens
677 2361 812 2420 vidit,
839 2360 1018 2421 magnis
1046 2358 1270 2405 exterrita
1296 2356 1517 2403 monstris

334 2428 539 2489 deriguit
564 2428 666 2474 visu
692 2428 742 2473 in
769 2398 960 2483 niedio;
996 2426 1126 2472 calor
1149 2441 1248 2470 ossa
1274 2423 1504 2485 reliquit3

334 2495 524 2551 labitur,
553 2506 600 2540 et
625 2494 768 2554 longo
793 2493 872 2538 vix
899 2491 1094 2538 tandem
1121 2503 1335 2552 tempore
1362 2490 1486 2535 fatur
1510 2507 1520 2535 z

305 2569 506 2608 ‘verane
533 2573 579 2606 te
606 2559 765 2617 facies,
792 2575 926 2605 verus
952 2557 1070 2604 mihi
1097 2556 1292 2602 nuntius
1319 2556 1488 2613 adfers,
1699 2576 1760 2606 310

337 2640 448 2674 nate
473 2627 597 2673 dea?
632 2625 850 2671 vivisne?
887 2636 980 2681 aut,
1009 2623 1042 2670 si
1070 2623 1151 2669 lux
1178 2623 1301 2669 alma
1326 2621 1534 2680 recessit,

249 2682 278 2710 l
338 2694 525 2741 Hector
549 2692 630 2740 ubi
658 2705 726 2739 est
744 2695 760 2738 ?
778 2691 790 2712 '
816 2690 953 2748 dixit,
976 2690 1289 2752 lacrimasque
1312 2688 1480 2735 effudit
1501 2700 1548 2735 et
1567 2701 1760 2734 omnem

790 2780 865 2819 292
895 2775 1023 2819 portus
1044 2767 1248 2806 Chaonios.
