1866 3208
542 240 819 278 AENEIDos
849 241 952 280 LIB.
984 241 1067 278 vn
1481 250 1557 291 235

129 363 311 396 tectum
338 360 602 410 augustum,
629 346 812 407 ingens,
840 361 1036 394 centum
1063 347 1268 394 sublime
1295 347 1548 405 columnis,

128 418 245 463 urbe
272 416 363 463 fuit
388 431 583 471 summa,
610 413 863 460 Laurentis
889 415 1014 475 regia
1043 414 1161 473 Pici,
1504 439 1562 469 171

127 483 414 530 horrendum
439 481 566 528 silvis
594 493 642 527 et
665 480 896 541 religione
923 495 1192 543 parentum.

126 551 206 597 hic
233 563 416 613 sceptra
442 547 657 610 accipere
684 560 731 594 et
756 548 932 609 primos
959 549 1179 595 attollere
1205 549 1354 595 fasces

126 617 312 678 regibus
338 633 480 663 omen
507 628 605 661 erat
629 636 640 671 ;
677 615 768 660 hoc
795 614 890 660 illis
918 616 1046 661 curia
1072 616 1325 678 templum,

126 686 216 730 hae
242 683 382 730 sacris
408 683 538 729 sedes
566 681 754 745 epulis·
742 717 756 736 ‚
791 681 872 728 hic
901 682 1046 729 ariete
1073 700 1209 729 caeso

126 750 366 813 perpetuis
393 749 520 796 soliti
546 762 703 812 patres
731 749 979 796 considere
1005 750 1194 797 mensis.

127 818 244 880 quin
271 817 414 864 etiarn
440 829 657 863 veterum
686 816 858 876 effigies
887 833 943 862 ex
971 817 1137 863 ordine
1159 833 1353 863 avorum

126 884 320 947 antiqua
348 901 371 930 e
399 883 554 941 cedro,
577 882 840 945 Italusque,
868 897 1097 946 paterque
1127 884 1327 930 Sabinus

126 951 355 1008 vitisator,
383 967 574 997 curvam
601 967 792 996 servans
819 951 903 996 sub
932 950 1138 1012 imagine
1166 951 1358 1009 falcem,

128 1019 450 1080 Saturnusque
476 1034 634 1075 senex,
662 1017 866 1080 Ianique
893 1018 1116 1064 bifrontis
1143 1018 1313 1078 imago,
1508 1032 1568 1063 180

124 1085 362 1132 vestibulo
388 1085 653 1143 adstabant,
682 1084 860 1147 aliique
889 1085 946 1131 ab
972 1084 1155 1146 origine
1181 1101 1326 1145 regeS,

128 1152 401 1215 Martiaque
428 1152 488 1198 ob
513 1151 715 1214 patriam
741 1152 1002 1215 pugnando
1023 1152 1220 1198 vulnera
1244 1151 1381 1214 passi.

125 1220 373 1295 multaque
397 1233 643 1282 praeterea
669 1219 808 1266 sacris
835 1219 884 1265 in
911 1219 1126 1282 postibus
1153 1235 1296 1277 arma,

126 1287 301 1350 captivi
326 1287 542 1349 pendent
567 1303 727 1333 currus
755 1303 1020 1362 curvaeque
1047 1303 1246 1344 secures,

126 1367 173 1400 et
199 1354 365 1400 cristae
392 1354 604 1416 capitum
631 1367 678 1400 et
702 1367 947 1416 portarum
974 1354 1187 1415 ingentia
1213 1353 1429 1428 claustra,

127 1421 406 1484 spiculaque
433 1421 673 1484 clipeique
702 1434 958 1484 ereptaque
983 1434 1128 1467 rostra
1156 1420 1345 1468 carinis.

125 1488 227 1550 ipse
255 1488 496 1550 Qirinali
524 1488 646 1534 lituo
671 1505 909 1552 parvaque
936 1488 1131 1535 sedebat

127 1555 399 1601 succinctus
425 1555 601 1613 trabea,
629 1555 860 1618 laevaque
887 1555 1042 1601 ancile
1069 1555 1259 1617 gerebat

129 1622 282 1680 Picus,
306 1638 481 1685 equum
502 1622 741 1676 domitor;
779 1639 921 1685 quem
943 1635 1080 1685 capta
1102 1622 1331 1685 cupidine
1353 1621 1566 1668 coniunx

126 1705 263 1735 aurea
285 1705 562 1751 percussum
587 1689 715 1750 virga
742 1705 1024 1764 versumque
1050 1688 1248 1735 venenis
1507 1713 1568 1744 190

127 1756 242 1802 fecit
268 1772 403 1802 avem
431 1755 587 1814 Circe,
616 1755 880 1819 sparsitque
906 1756 1144 1803 coloribus
1171 1755 1284 1803 alas.

126 1823 208 1869 tali
234 1822 361 1869 intus
390 1823 571 1885 templo
598 1823 760 1869 divom
786 1822 1032 1887 patriaque
1059 1823 1259 1870 Latinus

126 1890 234 1937 sede
260 1890 429 1936 sedens
457 1891 672 1937 Teucros
700 1890 759 1936 ad
786 1907 884 1937 sese
909 1890 959 1937 in
989 1903 1115 1938 tecta
1140 1890 1366 1947 vocavit3

126 1970 268 2020 atque
294 1957 449 2004 haec
438 1957 653 2018 ingressis
679 1956 872 2021 placido
896 1957 1024 2021 prior
1049 1958 1200 2005 edidit
1226 1975 1339 2005 ore:

125 2024 287 2082 dicite,
314 2024 847 2088 Dardanidae—neque
874 2025 1004 2072 enim
1031 2025 1268 2072 nescimus
1296 2038 1342 2071 et
1369 2025 1536 2071 urbem

127 2104 174 2138 et
199 2109 362 2153 genus,
389 2091 636 2154 auditique
664 2092 907 2139 advertitis
934 2109 1136 2156 aequore
1161 2109 1420 2139 cursum—

127 2159 241 2222 quid
264 2159 465 2221 petitis?
502 2176 621 2222 quae
649 2176 787 2206 causa
814 2173 936 2206 rates
963 2172 1044 2206 aut
1071 2159 1204 2206 cuius
1232 2171 1426 2220 egentes

127 2226 239 2273 litus
265 2226 324 2272 ad
348 2226 617 2273 Ausonium
644 2239 714 2273 tot
740 2244 825 2290 per
849 2227 968 2273 vada
993 2227 1182 2274 caerula
1206 2226 1336 2274 vexit
1360 2230 1376 2273 ?

129 2292 224 2339 sive
251 2309 401 2340 errore
426 2293 530 2340 viae
557 2311 638 2340 seu
667 2294 1032 2357 tempestatibus
1060 2294 1171 2352 acti,

130 2360 287 2422 qualia
312 2361 464 2407 multa
490 2361 605 2407 mari
633 2374 805 2408 nautae
831 2362 1082 2425 patiuntur
1105 2361 1156 2408 in
1183 2361 1298 2417 alt0‚
1504 2384 1568 2406 200

131 2425 339 2474 fluminis
362 2427 566 2475 intrastis
591 2428 729 2492 ripas,
756 2442 992 2493 portuque
1018 2429 1192 2476 sedetis
1221 2448 1231 2476 ε

132 2509 193 2538 ne
218 2493 367 2553 fugite
390 2495 669 2558 hospitium,
697 2513 816 2543 neve
843 2497 1057 2557 ignorate
1082 2496 1279 2544 Latinos

135 2559 323 2606 Saturni
349 2574 557 2622 gentem,
582 2563 710 2610 haud
734 2563 898 2611 vinclo
924 2581 1014 2611 nec
1042 2564 1225 2625 legibus
1252 2578 1468 2626 aequam,

135 2637 304 2687 sponte
329 2643 410 2673 sua
433 2629 700 2693 veterisque
726 2631 804 2677 dei
831 2648 879 2678 se
905 2648 1037 2678 more
1065 2644 1329 2678 tenentem.

133 2705 275 2754 atque
302 2693 525 2755 equidem
550 2697 946 2744 memini—fama
974 2711 1043 2744 est
1069 2697 1310 2744 obscurior
1334 2695 1539 2742 annis—

485 2781 556 2821 175
587 2771 692 2813 haec.
806 2773 880 2813 182
911 2775 1056 2812 Martia
1075 2774 1151 2825 qui.
