1866 3208
253 226 330 254 222
698 212 741 251 P.
771 211 1006 249 VERGILI
1035 211 1292 250 MARONIS

317 316 668 374 adceleremus,'
693 317 756 364 ait
778 337 792 374 3
827 322 841 342 ‘
860 316 1128 380 Cyclopum
1154 319 1324 365 educta
1350 317 1548 364 caminis
1683 334 1746 375 630

319 384 506 432 moenia
531 383 790 446 conspicio,
816 397 954 447 atque
981 385 1170 431 adverso
1197 385 1375 431 fornice
1400 397 1569 446 portas,

315 453 431 498 haec
458 450 539 497 ubi
566 467 648 496 nos
674 464 921 513 praecepta
945 450 1111 498 iubent
1136 452 1370 514 deponere
1396 449 1546 498 dona.’

316 519 514 572 dixerat,
541 529 589 562 et
613 516 786 578 pariter
810 517 947 577 gressi
975 535 1055 580 per
1080 535 1225 581 opaca
1249 517 1430 563 viarum

316 582 580 644 corripiunt
605 582 807 644 spatium
833 583 1057 642 medium,
1084 584 1353 646 foribusque
1378 583 1711 647 propinquant.

315 662 517 723 occupat
540 649 721 695 Aeneas
748 649 943 708 aditum,
970 667 1230 726 corpusque
1255 649 1435 696 recenti

316 715 488 778 spargit
512 732 646 778 aqua,
673 732 949 791 ramumque
975 717 1197 763 adverso
1186 734 1235 763 1n
1262 717 1427 762 limine
1454 716 1569 777 figit.

382 782 452 828 his
477 781 668 828 demum
696 783 883 841 exactis,
912 784 1123 846 perfecto
1147 800 1342 829 munere
1368 783 1518 840 divae,

314 849 546 895 devenere
571 849 699 895 locos
723 850 866 896 laetos
895 864 940 896 et
965 867 1162 897 amoena
1187 850 1363 896 virecta

315 917 679 962 Fortunatorum
705 916 973 962 Nemorum
999 917 1221 980 sedesque
1249 917 1418 963 beataS.

315 982 483 1043 largior
508 981 583 1027 hic
612 998 799 1044 campos
827 984 985 1029 aether
1011 997 1056 1030 et
1082 984 1261 1029 lumine
1289 984 1427 1030 vestit
1682 1002 1743 1040 640

315 1065 564 1122 purpureo,
591 1049 832 1111 solemque
860 1066 1010 1105 suum,
1038 1067 1118 1096 sua
1144 1050 1290 1096 sidera
1316 1062 1508 1096 norunt.

315 1132 417 1178 pars
443 1115 492 1160 in
518 1115 766 1175 gramineis
793 1130 1015 1162 exercent
1041 1116 1249 1163 membra
1273 1117 1529 1179 palaestris,

316 1181 612 1228 contendunt
639 1182 750 1227 ludo
775 1195 822 1228 et
849 1183 979 1228 fulva
1002 1183 1242 1229 luctantur
1267 1185 1474 1239 harena,

315 1265 415 1311 pars
439 1248 634 1310 pedibus
661 1249 895 1310 plaudunt
921 1250 1109 1295 choreas
1135 1263 1181 1296 et
1207 1249 1413 1295 carmina
1437 1250 1621 1296 dicunt.

315 1331 402 1361 nec
430 1331 524 1360 non
553 1315 807 1361 Thre‘i‘cius
834 1316 970 1376 longa
996 1333 1105 1362 cum
1131 1329 1259 1361 veste
1287 1316 1496 1362 sacerdos

315 1381 587 1444 obloquitur
612 1380 817 1428 numeris
845 1395 1024 1445 septem
1051 1382 1323 1428 discrimina
1347 1399 1536 1440 vocum,

315 1448 503 1510 iamque
529 1448 690 1494 eadem
715 1448 889 1510 digitis,
917 1449 1010 1494 iam
1036 1449 1225 1510 pectine
1250 1449 1404 1510 pulsat
1429 1449 1623 1496 eburno.

314 1515 392 1561 hic
418 1531 563 1576 genus
589 1514 837 1578 antiquum
863 1515 1063 1572 Teucri,
1087 1514 1407 1578 pulcherrima
1431 1516 1598 1578 proles,

316 1581 605 1642 magnanimi
632 1583 808 1639 heroes,
836 1582 930 1628 nati
959 1582 1232 1628 melioribus
1257 1582 1405 1637 annis,

315 1648 508 1710 Ilusque
534 1649 882 1711 Assaracusque
911 1662 956 1695 et
982 1648 1156 1695 Troiae
1183 1649 1431 1695 Dardanus
1456 1663 1634 1695 auctor.
1682 1663 1745 1701 650

317 1731 441 1760 arma
465 1715 630 1777 procul
657 1731 912 1777 currusque
938 1715 1093 1761 virum
1119 1715 1314 1761 miratur
1339 1715 1517 1762 inanes.

316 1795 437 1827 stant
464 1796 583 1827 terra
607 1781 784 1827 defixae
810 1783 983 1838 hastae,
1008 1781 1271 1844 passimque
1297 1781 1435 1828 soluti

315 1865 397 1910 per
422 1864 609 1909 campos
633 1862 890 1910 pascuntur
916 1865 1040 1910 equ1.
1113 1865 1230 1912 quae
1256 1863 1404 1909 gratla
1430 1865 1623 1894 currum

316 1930 645 1977 armorumque
672 1914 761 1960 fuit
787 1915 917 1972 vivis,
946 1931 1065 1977 quae
1092 1931 1203 1961 cura
1227 1915 1431 1961 nitentes

314 1996 504 2043 pascere
531 1998 688 2043 equos,
716 1981 877 2027 eadem
905 1981 1117 2044 sequitur
1142 1981 1312 2028 tellure
1337 1994 1558 2043 repostos·

316 2047 560 2109 conspicit,
589 2064 713 2102 ecce,
742 2048 853 2094 alios
879 2048 1044 2094 dextra
1069 2048 1293 2110 laevaque
1317 2064 1403 2110 per
1427 2047 1619 2094 herbam

315 2127 555 2160 vescentes
582 2115 852 2177 laetumque
879 2116 1021 2160 choro
1046 2132 1221 2176 paeana
1245 2127 1467 2161 canentes

314 2180 436 2227 inter
461 2181 705 2227 odoratum
732 2181 847 2228 lauri
873 2198 1056 2237 nemus,
1083 2181 1207 2227 unde
1233 2198 1432 2242 superne

314 2247 545 2308 plurimus
573 2248 768 2294 Eridani
795 2265 877 2322 per
902 2248 1064 2294 silvam
1090 2247 1293 2294 volvitur
1317 2247 1479 2294 amnis.

314 2313 391 2359 hic
418 2330 581 2359 manus
606 2315 667 2360 ob
690 2315 886 2377 patriam
912 2315 1166 2377 pugnando
1190 2314 1384 2360 vulnera
1409 2312 1545 2375 passi,
1681 2328 1743 2359 660

315 2379 491 2442 quique
517 2381 773 2427 sacerdotes
800 2381 929 2438 casti,
955 2381 1069 2426 dum
1095 2380 1190 2427 vita
1214 2379 1448 2435 manebat,

314 2445 492 2521 quique
517 2446 582 2508 pii
610 2460 734 2493 vates
761 2461 807 2493 et
835 2446 1023 2493 Phoebo
1047 2447 1187 2507 digna
1211 2446 1373 2501 locuti,

315 2512 526 2559 inventas
553 2526 633 2559 aut
657 2513 738 2576 qui
764 2513 908 2559 vitam
934 2513 1184 2559 excoluere
1209 2529 1292 2574 per
1317 2529 1449 2570 artes,

314 2578 492 2641 quique
518 2579 586 2625 sui
612 2595 842 2626 memores
869 2579 980 2625 alios
1008 2579 1161 2626 fecere
1187 2579 1428 2625 merendo,

314 2645 534 2693 omnibus
559 2646 629 2691 his
654 2645 788 2692 nivea
814 2646 1070 2706 cinguntur
1096 2660 1304 2708 tempora
1327 2646 1456 2700 vitta,

535 2722 612 2772 630
643 2724 766 2762 ducta.
823 2723 897 2774 651
930 2723 1131 2762 mirantur.
1189 2723 1266 2771 664
1295 2722 1451 2772 aliquos.
