1861 3256
713 879 915 926 LIBER
951 880 1261 928 TERTIUS

269 1031 298 1051 ‘⁴
316 1028 574 1085 POSTQUAM
600 1046 670 1075 res
696 1030 836 1077 Asiae
865 1032 1130 1095 Priamique
1158 1046 1368 1079 evertere
1394 1046 1588 1093 gentem

310 1094 582 1141 inmeritam
608 1096 759 1143 visum
785 1099 976 1159 superis,
1004 1099 1271 1162 ceciditque
1298 1100 1553 1161 superbum

311 1161 455 1208 Ilium
482 1175 528 1207 et
554 1162 705 1208 omnis
731 1164 878 1209 humo
904 1165 1053 1211 fumat
1079 1165 1330 1228 Neptunia
1357 1166 1520 1223 Troia,

310 1227 491 1274 diversa
518 1228 678 1275 exsilia
705 1242 752 1275 et
777 1229 980 1277 desertas
1006 1249 1229 1294 quaerere
1255 1245 1397 1278 terras

310 1294 508 1355 auguriis
535 1295 714 1356 agimur
738 1295 911 1354 divom,
939 1297 1226 1360 classemque
1253 1298 1373 1344 sub
1362 1315 1460 1360 ipsa

309 1362 562 1407 Antandro
589 1375 635 1408 et
664 1362 890 1424 Phrygiae
917 1363 1140 1409 molimur
1166 1364 1406 1410 montibus
1433 1364 1563 1421 Idae,

309 1427 479 1474 incerti
507 1445 599 1491 quo
625 1429 719 1475 fata
744 1429 914 1487 ferant,
942 1430 1020 1475 ubi
1047 1429 1206 1476 sistere
1233 1431 1386 1487 detur,

309 1495 726 1558 contrahimusque
752 1496 890 1543 viros.
959 1496 1036 1542 vix
1062 1496 1212 1559 prima
1238 1496 1482 1558 inceperat
1507 1510 1668 1554 aestas,

310 1574 356 1606 et
383 1574 515 1623 pater
540 1562 771 1609 Anchises
799 1562 909 1608 dare
935 1562 1040 1609 fatis
1065 1563 1171 1609 vela
1195 1562 1404 1620 iubebat,

309 1627 446 1674 litora
473 1645 583 1674 cum
608 1629 788 1691 patriae
815 1629 1065 1675 lacrimans
1089 1642 1346 1692 portusque
1373 1628 1592 1692 relinquo
1698 1655 1738 1675 10

310 1706 356 1739 et
382 1711 587 1756 campos,
615 1695 694 1741 ubi
723 1696 871 1741 Troia
899 1696 1003 1742 fuit.
1075 1696 1201 1741 feror
1228 1695 1357 1741 exsul
1384 1695 1434 1741 in
1462 1696 1611 1742 altum

309 1777 418 1806 cum
443 1761 577 1807 sociis
604 1775 828 1835 natoque,
857 1761 1113 1808 Penatibus
1141 1774 1188 1808 et
1214 1761 1393 1822 magnis
1419 1761 1503 1808 dis.

376 1839 497 1872 terra
522 1828 688 1890 procul
715 1828 853 1874 vastis
879 1828 1050 1874 colitur
1078 1828 1318 1874 Mavortia
1344 1828 1589 1890 campis—

309 1893 522 1940 Thraces
549 1894 847 1941 arant—acri
874 1895 1114 1957 quondam
1140 1907 1332 1969 regnata
1358 1895 1591 1957 Lycurgo,

308 1960 568 2022 hospitium
594 1960 844 2024 antiquum
871 1961 1046 2007 Troiae
1074 1961 1282 2024 sociique
1310 1961 1524 2017 Penates,

308 2026 422 2072 dum
447 2026 638 2073 fortuna
663 2027 768 2074 fuit.
839 2027 963 2073 feror
987 2029 1097 2085 huc,
1125 2040 1171 2074 et
1197 2028 1335 2074 litore
1362 2045 1506 2074 curvo

309 2093 496 2139 moenia
521 2093 672 2156 prima
698 2094 804 2140 loco
830 2094 936 2140 fatis
961 2094 1190 2155 ingressus
1216 2093 1405 2157 iniquis,

307 2160 647 2223 Aeneadasque
674 2178 780 2207 meo
807 2178 983 2207 nomen
1009 2162 1068 2206 de
1095 2160 1290 2207 nomine
1317 2160 1458 2221 fingo.

375 2243 501 2272 sacra
527 2227 773 2274 Dionaeae
800 2227 937 2274 matri
964 2227 1176 2290 divisque
1204 2227 1412 2273 ferebam

308 2292 573 2354 auspicibus
599 2307 876 2356 coeptorum
902 2311 1114 2356 operum,
1142 2309 1404 2356 superoque
1431 2291 1668 2338 nitentem

308 2358 592 2405 caelicolum
616 2360 710 2420 regi
739 2361 1003 2406 mactabam
1029 2360 1077 2405 in
1105 2359 1242 2405 litore
1269 2372 1471 2405 taurum.
1693 2382 1730 2404 21

307 2424 430 2470 forte
456 2425 545 2470 fuit
570 2425 700 2471 iuxta
728 2427 952 2483 tumulus,
979 2443 1072 2488 quo
1099 2442 1268 2471 cornea
1294 2441 1477 2471 summo

306 2490 507 2551 virgulta
534 2504 580 2536 et
605 2491 759 2537 densis
784 2492 1030 2537 hastilibus
1054 2491 1242 2537 horrida
1268 2504 1462 2552 myrtus.

308 2557 496 2614 accessi,
522 2556 815 2620 viridemque
843 2558 900 2602 ab
925 2559 1071 2603 humo
1097 2557 1369 2603 convellere
1395 2557 1561 2602 silvam

308 2636 519 2680 conatuS,
546 2623 683 2669 ramis
711 2636 916 2683 tegerem
943 2636 994 2669 ut
1020 2623 1351 2669 frondentibus
1378 2641 1490 2680 aras,

307 2689 598 2736 horrendum
624 2702 670 2736 et
695 2689 825 2736 dictu
851 2689 989 2736 video
1015 2689 1227 2735 mirabile
1253 2704 1532 2736 monstrum.

308 2773 418 2802 nam
445 2773 563 2818 quae
589 2757 738 2819 prima
764 2757 860 2803 solo
886 2756 1034 2818 ruptis
1060 2755 1292 2802 radicibus
1320 2757 1452 2802 arbos
