1866 3208
565 246 839 284 AENEIDOS
869 246 971 284 LIB.
1002 246 1040 282 X
1478 257 1549 296 311

125 357 326 413 advolat,
351 354 477 401 haud
501 353 590 399 alia
615 365 683 399 est
710 353 869 399 Turni
897 352 1131 399 venientis
1156 352 1326 413 imago.

123 427 251 470 hunc
279 422 358 468 ubi
385 419 663 480 contiguum
688 419 852 466 missae
879 421 976 466 fore
1003 419 1204 467 credidit
1229 420 1403 475 hastae,

124 492 188 537 ire
214 490 339 552 prior
366 488 527 543 Pallas,
556 486 590 532 si
618 503 708 548 qua
734 487 826 533 fors
851 487 1039 533 adiuvet
1065 503 1226 533 ausum

124 557 298 603 viribus
322 554 578 616 inparibus-3,
605 570 925 616 magnumque
951 555 1014 600 ita
1040 554 1096 600 ad
1121 555 1306 600 aethera
1332 554 1456 600 fatur
1480 572 1489 599 z

91 633 104 651 ‘
123 641 204 686 per
227 621 367 685 patris
394 621 649 683 hospitium
676 634 722 667 et
748 637 947 677 mensas,
974 638 1084 684 quas
1111 621 1290 667 advena
1315 620 1467 677 adisti,

125 704 170 736 te
195 706 375 752 precor,
400 688 587 745 Alcide,
616 687 792 749 coeptis
819 687 1094 749 ingentibus
1121 688 1253 735 adsis.
1497 702 1557 741 461

125 768 283 804 cernat
309 755 536 801 semineci
563 755 648 800 sibi
676 772 751 801 me
777 771 938 817 rapere
965 771 1090 801 arma
1116 769 1326 812 cruenta,

123 824 446 885 victoremque
473 823 626 869 ferant
652 821 903 868 morientia
929 822 1111 868 lumina
1138 822 1326 869 Turni.’

124 890 268 937 audiit
293 889 483 936 Alcides
508 889 746 945 iuvenem,
775 905 1096 952 magnumque
1122 890 1207 936 sub
1234 890 1331 936 imo

124 957 262 1004 corde
287 957 458 1019 premit
483 956 713 1017 gemitum
741 956 1048 1019 lacrimasque
1075 956 1277 1003 effundit
1303 956 1481 1002 inanes,

124 1038 225 1071 tum
250 1024 434 1084 genitor
459 1038 624 1070 natum
652 1024 790 1070 dictis
817 1024 1000 1070 adfatur
1025 1023 1187 1070 amicis
1212 1043 1222 1071 ε

124 1105 210 1138 stat
235 1109 314 1137 sua
340 1091 512 1154 cuique
539 1091 635 1137 dies
659 1111 672 1145 ;
710 1092 850 1137 breve
878 1104 923 1137 et
950 1091 1259 1153 inreparabile
1286 1104 1470 1153 tempus

124 1159 340 1205 omnibus
368 1172 433 1204 est
459 1159 580 1204 vitae
604 1178 618 1212 ;
656 1159 735 1204 sed
763 1159 935 1204 famam
963 1159 1219 1205 extendere
1248 1157 1399 1214 factis,

124 1228 211 1272 hoc
238 1225 420 1272 virtutis
446 1243 576 1288 opus.
651 1225 826 1272 Troiae
854 1226 938 1272 sub
965 1225 1212 1272 moenibus
1241 1225 1342 1272 altis

123 1307 193 1340 tot
219 1292 315 1339 nati
342 1292 556 1340 cecidere
583 1294 727 1340 deum
749 1313 764 1348 ;
802 1293 918 1356 quin
944 1292 1122 1340 occidit
1148 1310 1242 1339 una
1502 1316 1564 1346 470

126 1360 378 1423 Sarpedon,
407 1377 510 1407 mea
535 1360 796 1423 progenies.
872 1360 1014 1407 etiam
1040 1378 1119 1407 sua
1145 1360 1372 1407 Turnum

124 1428 218 1474 fata
240 1441 424 1485 vocant,
453 1442 692 1491 metasque
721 1428 815 1474 dati
841 1427 1061 1490 pervenit
1087 1427 1144 1474 ad
1170 1427 1300 1474 aevi.'

124 1495 187 1541 sic
216 1495 295 1551 ait,
321 1508 458 1557 atque
485 1496 647 1540 oculos
675 1495 966 1541 Rutulorum
996 1494 1131 1541 reicit
1157 1494 1293 1541 arvis.

124 1575 168 1608 at
197 1562 346 1608 Pallas
372 1562 552 1623 magnis
582 1561 758 1608 emittit
785 1562 961 1608 viribus
985 1563 1182 1618 hastam,

124 1629 385 1692 vaginaque
413 1646 524 1675 cava
551 1629 816 1689 fulgentem
843 1629 1015 1691 deripit
1042 1646 1217 1676 ensem.

124 1696 204 1741 illa
229 1697 406 1752 volans,
432 1696 581 1742 umeri
611 1710 806 1756 surgunt
833 1714 924 1758 qua
948 1696 1156 1756 tegmina
1182 1712 1379 1753 summa,

124 1763 310 1820 incidit,
337 1777 494 1838 atque,
521 1763 646 1810 viam
675 1763 817 1826 clipei
844 1763 1010 1809 molita
1035 1780 1119 1825 per
1144 1781 1259 1820 oraS,

124 1800 314 1876 tanderri
340 1831 482 1876 etiam
507 1847 677 1891 magno
706 1830 895 1877 strinxit
920 1830 979 1877 de
1005 1847 1197 1893 corpore
1225 1830 1400 1877 Turni.

123 1897 201 1943 hic
229 1897 424 1944 Turnus
452 1898 573 1944 ferro
597 1897 861 1960 praefixum
887 1898 1029 1943 robur
1054 1911 1193 1945 acuto

124 1964 174 2009 in
203 1964 414 2011 Pallanta
438 1965 519 2011 diu
546 1965 720 2011 librans
748 1965 876 2022 iacit,
905 1979 1045 2028 atque
1071 1965 1134 2012 ita
1159 1966 1283 2012 fatur
1307 1984 1316 2011 :
1504 1979 1567 2019 480

125 2031 296 2092 aspice,
322 2048 438 2078 num
464 2049 596 2093 mage
623 2032 680 2078 sit
709 2046 921 2079 nostrum
947 2033 1241 2094 penetrabile
1269 2031 1449 2078 telum.’

126 2097 306 2144 dixerat
327 2117 341 2153 ;
377 2111 422 2144 at
447 2099 671 2160 clipeum,
701 2112 769 2145 tot
798 2099 906 2145 ferri
934 2113 1076 2161 terga,
1104 2113 1173 2146 tot
1198 2099 1330 2156 aeris,

127 2181 270 2226 quern
295 2165 432 2226 pellis
459 2166 628 2212 totiens
655 2166 791 2212 obeat
819 2166 1111 2213 circumdata
1136 2167 1271 2223 tauri,

126 2231 329 2278 vibranti
356 2232 566 2278 medium
593 2233 744 2295 cuspis
774 2234 1118 2280 transverberat
1144 2234 1260 2290 ictU,

127 2298 392 2374 loricaeque
418 2316 566 2346 moras
592 2313 637 2346 et
661 2314 827 2362 pectus
853 2301 1061 2363 perforat
1086 2301 1268 2363 ingens,

128 2365 209 2411 ille
233 2366 354 2429 rapit
379 2367 587 2413 calidum
614 2367 780 2414 frustra
807 2367 864 2414 de
891 2369 1086 2415 vulnere
1113 2369 1298 2415 telum:

130 2448 222 2478 una
246 2433 502 2497 eademque
528 2434 602 2480 via
627 2435 812 2496 sanguis
839 2435 1118 2498 animusque
1145 2448 1421 2499 sequuntur.

130 2498 302 2545 corruit
327 2517 376 2546 111
402 2502 609 2548 vulnus·
595 2521 610 2555 ;
647 2502 856 2549 sonitum
884 2519 1021 2565 super
1047 2520 1172 2550 arma
1197 2503 1403 2557 dedere‘g.

131 2562 176 2610 et
200 2577 368 2612 terram
393 2568 613 2614 hostilem
640 2569 845 2615 moriens
870 2569 991 2632 petit
1016 2587 1093 2617 ore
1121 2584 1334 2617 cruento.

130 2647 271 2694 quem
298 2632 492 2679 Turnus
518 2651 655 2696 super
681 2636 939 2683 adsistens:
1504 2659 1565 2690 490

97 2703 110 2722 ‘
130 2698 351 2755 ArcadeS,
375 2700 521 2755 haec,'
547 2701 717 2763 inquit,
746 2707 759 2727 ‘
776 2719 1006 2749 memores
1032 2720 1138 2749 mea
1162 2703 1286 2748 dicta
1312 2703 1482 2748 referte

686 2790 760 2825 471
795 2786 832 2816 et
852 2792 942 2817 iam.
