1861 3256
242 262 316 299 170
687 247 731 285 Ρ.
761 245 997 285 VERGILI
1027 246 1286 286 MARONIS

304 354 376 399 his
401 353 613 400 medium
639 352 774 398 dictis
801 369 1065 400 sermonem
1090 354 1342 416 abrumpit,
1370 367 1416 400 et
1442 370 1572 400 auras

307 437 440 480 aegra
467 419 604 479 fugit,
631 435 775 480 seque
801 435 858 464 ex
883 419 1031 466 oculis
1056 420 1223 467 avertit
1250 433 1295 466 et
1321 420 1489 477 aufert,
1668 435 1726 476 389

309 486 533 548 linquens
559 484 710 530 multa
736 497 868 531 metu
895 499 1204 533 cunctantem
1232 500 1277 532 et
1294 486 1445 531 multa
1469 499 1718 548 parantem

306 551 479 598 dicere.
551 549 820 612 succipiunt
845 551 1067 611 famulae,
1095 554 1395 616 collapsaque
1421 553 1632 599 membra

305 633 566 664 marmoreo
590 617 805 663 referunt
831 619 1039 666 thalamo
1065 619 1312 682 stratisque
1338 632 1595 681 reponunt.

372 696 418 729 at
442 683 547 745 pius
571 684 773 742 Aeneas,
800 701 1086 749 quamquam
1112 686 1261 732 lenire
1288 685 1535 732 dolentem

305 750 502 796 solando
528 749 660 812 cupit
688 763 734 796 et
759 749 897 797 dictis
923 766 1133 799 avertere
1160 769 1307 810 curas,

305 816 454 863 multa
480 833 689 877 gemens,
716 834 981 881 magnoque
1006 819 1219 865 animum
1245 818 1508 864 labefactus
1532 834 1706 876 amore,

306 883 423 929 iussa
450 895 610 929 tamen
637 883 797 930 divom
825 885 1109 948 exsequitur,
1136 886 1427 947 classemque
1452 884 1629 932 revisit.

308 963 409 996 tum
433 966 547 996 vero
573 950 752 996 Teucri
779 950 1081 1010 incumbunt,
1110 965 1156 998 et
1182 952 1322 998 litore
1347 951 1492 998 celsas

306 1016 553 1062 deducunt
580 1029 680 1062 toto
708 1033 865 1063 naves.
936 1031 1067 1064 natat
1092 1031 1238 1064 uncta
1265 1016 1420 1064 carina
1444 1038 1456 1074 ;

307 1083 678 1145 frondentesque
705 1083 867 1129 ferunt
891 1101 1042 1130 remos
1069 1098 1115 1131 et
1139 1085 1305 1133 robora
1330 1083 1459 1131 silvis

307 1149 603 1206 infabricata,
631 1149 769 1209 fugae
796 1150 966 1197 studio.
1674 1174 1736 1202 400

306 1216 560 1276 migrantes
587 1233 765 1273 cernas,
787 1229 980 1279 totaque
1008 1234 1065 1263 ex
1091 1217 1206 1263 urbe
1231 1230 1453 1274 ruentes;

307 1300 359 1329 ac
385 1283 518 1329 velut
543 1282 790 1343 ingentem
818 1283 1044 1330 formicae
1070 1284 1203 1329 farris
1228 1300 1449 1330 acervum

307 1366 417 1396 cum
442 1350 691 1412 populant,
718 1349 889 1395 hiemis
915 1366 1163 1407 memores,
1191 1362 1414 1412 tectoque
1440 1361 1681 1411 reponunt
1704 1369 1718 1405 3

307 1415 343 1462 it
370 1415 556 1476 nigrum
584 1415 761 1478 campis
786 1432 972 1476 agmen,
997 1416 1318 1478 praedamque
1342 1433 1426 1478 per
1450 1416 1618 1461 herbas

308 1495 596 1529 convectant
622 1483 744 1529 calle
771 1496 1004 1557 angusto·
992 1519 1005 1539 ,
1041 1499 1145 1545 pars
1170 1482 1364 1557 grandia
1390 1482 1589 1528 trudunt

308 1549 512 1596 obnixae
539 1549 778 1595 frumenta
804 1549 1015 1606 umeris3
1051 1566 1153 1611 pars
1180 1549 1367 1610 agmina
1393 1561 1570 1609 cogunt

308 1616 633 1678 castigantque
660 1633 846 1662 moras·
834 1652 848 1672 ,
884 1633 1027 1678 opere
1054 1615 1208 1662 omnis
1234 1615 1399 1661 semita
1425 1615 1592 1661 fervet.

308 1683 409 1746 quis
437 1682 521 1729 tibi
550 1696 666 1740 tum,
692 1682 837 1740 Dido,
865 1682 1084 1728 cernenti
1113 1681 1224 1728 talia
1251 1699 1422 1739 sensus,

308 1766 483 1812 quosve
510 1749 651 1795 dabas
674 1749 891 1809 gemitus,
919 1765 1028 1795 cum
1057 1748 1193 1794 litora
1219 1749 1400 1794 fervere
1427 1748 1520 1794 late
1764 1803 1771 1812 Ι

307 1815 598 1878 prospiceres
623 1832 811 1861 arceex
838 1831 1035 1889 summa,
1064 1828 1313 1877 totumque
1339 1814 1524 1874 videres
1676 1838 1738 1867 410

308 1881 492 1928 misceri
520 1895 630 1928 ante
658 1881 818 1928 oculos
848 1881 989 1927 tantis
1016 1882 1300 1931 clamoribus
1326 1898 1375 1926 ae
1369 1898 1530 1943 quor.
1522 1885 1536 1910 ²

308 1949 508 2011 inprobe
536 1965 678 2005 amor,
706 1948 819 2010 quid
848 1965 944 1994 non
972 1947 1192 1994 mortalia
1215 1961 1411 2010 pectora
1435 1947 1560 2008 cogis
1582 1951 1597 1992 ?

309 2015 374 2061 ire
401 2015 572 2061 iterum
598 2015 647 2060 in
674 2015 904 2072 lacrimas,
931 2015 1104 2060 iterum
1133 2027 1366 2076 temptare
1391 2014 1632 2076 precando

310 2081 505 2142 cogitur,
534 2094 580 2127 et
606 2082 805 2143 supplex
832 2080 1014 2127 animos
1039 2081 1317 2127 submittere
1343 2080 1505 2138 amori,

310 2165 370 2194 ne
397 2148 511 2210 quid
537 2147 842 2211 inexpertum
870 2148 1038 2194 frustra
1064 2147 1289 2194 moritura
1314 2146 1570 2210 relinquat.
1839 2195 1861 2216 -.=

378 2216 561 2272 ‘Anna,
587 2215 719 2261 vides
747 2227 846 2261 toto
873 2213 1109 2277 properari
1135 2214 1275 2261 litore
1300 2232 1310 2261 ε
1349 2213 1527 2261 circum
1839 2217 1861 2266 'sq

311 2281 522 2344 undique
549 2298 850 2339 convenere3
887 2294 1025 2328 vocat
1050 2280 1144 2327 iam
1170 2281 1384 2327 carbasus
1409 2296 1555 2337 auras,

309 2347 546 2410 puppibus
574 2361 620 2394 et
646 2348 759 2394 laeti
787 2361 957 2394 nautae
984 2348 1237 2410 inposuere
1263 2362 1474 2393 coronaS.

310 2415 439 2460 hunc
468 2430 552 2474 ego
577 2414 612 2459 si
638 2413 772 2476 potui
802 2426 986 2460 tantum
1013 2430 1196 2476 sperare
1221 2413 1451 2469 dolorem,
1676 2435 1738 2466 419

313 2493 360 2526 et
384 2480 609 2542 perferre,
636 2497 775 2538 soror,
802 2493 983 2542 potero.
1054 2479 1248 2525 miserae
1273 2480 1365 2525 hoc
1392 2491 1552 2525 tamen
1580 2494 1728 2525 unum

314 2563 585 2610 exsequere,
610 2547 767 2603 Anna,
795 2546 943 2602 mihi3
979 2546 1127 2592 solam
1154 2562 1264 2592 nam
1289 2545 1494 2607 perfidus
1520 2545 1603 2591 ille

314 2626 360 2659 te
386 2613 559 2670 colere,
586 2629 779 2659 arcanos
805 2611 948 2658 etiam
976 2612 1061 2658 tibi
1089 2612 1282 2659 credere
1309 2629 1499 2668 sensus3

313 2679 409 2725 sola
434 2678 521 2725 viri
548 2679 718 2726 molles
743 2678 895 2725 aditus
923 2691 969 2724 et
996 2691 1208 2741 tempora
1235 2695 1385 2725 noras.

872 2767 946 2804 399
976 2768 1113 2794 ramos,

1706 1542 1746 1554 ,⁴⁷
