1861 3256
237 258 286 297 30

681 244 725 282 P.
754 243 988 281 VERGILI
1019 243 1277 282 MARONIS

301 352 621 417 vimineasque
647 352 785 399 trahit
811 366 974 408 crates,
1003 352 1130 400 iuvat
1155 370 1274 409 arva,
1303 369 1456 416 neque
1481 353 1618 400 illum

301 420 418 466 flava
445 420 587 467 Ceres
613 419 706 465 alto
731 418 1018 495 nequiquam
1044 433 1223 482 spectat
1250 419 1494 480 Olympo·
1481 454 1495 473 ,

301 500 348 534 et
373 486 470 550 qui,
495 485 719 548 proscisso
743 502 861 548 quae
888 486 1077 533 suscitat
1103 501 1302 549 aequore
1329 498 1469 546 terga,

300 570 456 600 rursus
481 553 529 597 in
555 551 803 614 obliquum
828 569 958 598 verso
983 552 1242 615 perrumpit
1268 565 1415 598 aratro

301 632 582 681 exercetque
608 618 825 680 frequens
851 619 1070 665 tellurem
1097 632 1235 682 atque
1259 618 1456 680 imperat
1481 619 1613 666 arvis.

369 684 527 731 umida
551 684 743 730 solstitia
768 698 905 748 atque
930 685 1109 732 hiemes
1133 698 1258 732 orate
1285 701 1482 741 serenas,
1667 711 1728 733 100

300 751 528 812 agricolae
551 771 565 808 ;
600 751 798 797 hiberno
824 751 1071 798 laetissima
1097 752 1288 814 pulvere
1314 752 1447 808 farra,

300 819 447 864 laetus
473 834 579 878 ager
602 836 613 864 :
651 818 784 864 nullo
809 831 993 864 tantum
1020 836 1066 864 se
1094 819 1250 880 Mysia
1274 819 1406 864 cultu

299 885 439 931 iactat
465 897 510 930 et
535 884 631 946 ipsa
656 901 758 930 suas
782 884 1012 931 mirantur
1039 885 1247 946 Gargara
1272 902 1458 932 messes.

299 951 414 1014 quid
439 950 609 1007 dicam,
634 951 756 997 iacto
781 951 860 1013 qui
886 951 1067 999 semine
1095 952 1360 998 comminus
1385 969 1490 998 arva

299 1017 574 1080 insequitur,
601 1018 910 1079 cumulosque
934 1018 1028 1064 ruit
1053 1019 1175 1064 male
1202 1018 1388 1080 pinguis
1413 1020 1628 1074 harenae,

299 1084 470 1130 deinde
495 1084 598 1129 satis
624 1083 823 1130 fluvium
848 1084 1033 1131 inducit
1058 1085 1276 1148 rivosque
1305 1098 1565 1148 sequentCS,

299 1164 361 1207 et,
388 1167 499 1197 cum
525 1164 713 1196 exustus
738 1166 843 1210 ager
868 1151 1176 1198 morientibus
1204 1164 1379 1198 aestuat
1402 1151 1570 1209 herbis,

300 1234 413 1264 ecce
439 1217 688 1280 supercilio
715 1217 876 1263 clivosi
903 1217 1099 1264 tramitis
1125 1219 1301 1264 undam

300 1284 430 1330 elicit
452 1287 469 1330 ?
538 1283 617 1329 illa
643 1284 812 1329 cadens
837 1300 1033 1330 raucum
1059 1301 1140 1346 per
1165 1285 1285 1330 levia
1310 1302 1520 1332 murmur

299 1368 406 1396 saxa
431 1350 540 1406 ciet,
565 1351 877 1412 scatebrisque
903 1351 1079 1397 arentia
1105 1364 1336 1412 temperat
1362 1369 1477 1397 arva.
1670 1376 1732 1398 110

301 1417 414 1480 quid
439 1417 534 1479 qui,
562 1434 622 1462 ne
647 1417 844 1478 gravidis
869 1417 1152 1479 procumbat
1178 1418 1363 1464 culmus
1386 1418 1548 1474 aristis,

299 1484 537 1530 luxuriem
562 1497 774 1544 segetum
801 1497 963 1530 tenera
987 1483 1196 1546 depascit
1222 1484 1270 1529 in
1296 1483 1452 1542 herba,

300 1567 411 1597 cum
436 1550 643 1612 primum
669 1551 818 1597 sulcos
845 1564 1045 1614 aequant
1071 1565 1176 1607 sata,
1205 1550 1380 1614 quique
1405 1551 1587 1612 paludis

299 1617 554 1663 collectum
582 1634 794 1663 umorem
822 1618 980 1663 bibula
1004 1617 1198 1664 deducit
1222 1619 1430 1663 harena?

299 1683 567 1745 praesertim
595 1683 784 1729 incertis
812 1683 847 1729 si
874 1684 1112 1730 mensibus
1138 1683 1286 1730 amnis
1311 1684 1554 1730 abundans

299 1750 398 1796 exit
423 1763 468 1796 et
492 1749 699 1796 obducto
725 1750 814 1796 late
841 1763 972 1796 tenet
997 1750 1154 1796 omnia
1181 1750 1309 1806 limo,

299 1816 425 1862 unde
451 1833 592 1862 cavae
619 1816 779 1878 tepido
804 1817 971 1862 sudant
998 1833 1157 1863 umore
1184 1817 1395 1864 lacunae.

366 1899 454 1929 nec
489 1896 661 1939 tamen,
689 1884 803 1929 haec
839 1900 948 1929 cum
982 1883 1076 1930 sint
1111 1883 1454 1947 hominumque
1493 1884 1729 1946 boumque
1796 1923 1800 1926 .

433 1949 611 1995 labores

298 2016 525 2062 versando
553 2030 722 2062 terram
749 2017 949 2078 experti,
974 2017 1095 2063 nihil
1121 2017 1348 2079 inprobus
1374 2034 1504 2063 anser

301 2083 686 2146 Strymoniaeque
712 2100 846 2144 grues
872 2097 918 2129 et
944 2083 1105 2129 amaris
1131 2083 1298 2130 intuba
1324 2083 1448 2129 fibris
1671 2109 1732 2129 120

298 2150 512 2196 officiunt
538 2163 615 2196 aut
642 2151 806 2196 umbra
831 2164 987 2197 nocet.
1062 2151 1198 2196 Pater
1223 2150 1319 2212 ipse
1346 2150 1534 2196 colendi

296 2217 423 2262 haud
449 2217 637 2263 facilem
663 2234 757 2263 esse
784 2217 907 2263 viam
933 2217 1099 2274 voluit,
1124 2217 1395 2281 primusque
1419 2234 1502 2279 per
1527 2230 1673 2263 artem

297 2283 446 2329 movit
472 2300 616 2343 agros,
644 2284 765 2339 curis
791 2301 962 2330 acuens
987 2284 1199 2330 mortalia
1224 2284 1378 2341 corda,

298 2365 385 2394 nec
414 2362 596 2410 torpere
621 2350 746 2410 gravi
773 2368 926 2412 passus
952 2368 1033 2396 sua
1057 2367 1197 2411 regna
1224 2363 1433 2396 veterno.

299 2428 407 2462 ante
433 2416 597 2462 Iovem
624 2417 744 2462 nulli
772 2417 1049 2478 subigebant
1075 2435 1179 2462 arva
1204 2416 1362 2463 coloni
1385 2435 1399 2470 3

299 2499 358 2528 ne
384 2481 562 2542 signare
589 2483 780 2545 quidem
807 2497 884 2529 aut
910 2483 1067 2544 partiri
1095 2483 1245 2529 limite
1273 2499 1493 2545 campum

299 2549 365 2594 fas
390 2562 485 2594 erat
509 2567 519 2595 ε
556 2548 605 2594 in
632 2549 841 2595 medium
870 2550 1170 2611 quaerebant,
1199 2549 1388 2612 ipsaque
1415 2550 1554 2596 tellus

299 2615 458 2661 omnia
483 2615 674 2661 liberius
700 2616 836 2661 nullo
861 2629 1086 2677 poscente
1112 2616 1304 2663 ferebat.

299 2681 380 2728 ille
405 2682 584 2728 malum
608 2682 734 2729 virus
759 2682 1052 2745 serpentibus
1079 2682 1257 2729 addidit
1282 2682 1402 2739 atris,

847 2760 918 2798 106
949 2760 1120 2798 fluentes·
