1866 3208
609 191 882 228 AENEIDOS
912 190 1015 228 LIB.
1046 190 1129 227 XII
1546 191 1618 241 363

193 301 230 347 it
256 318 381 347 mare
405 317 490 362 per
513 297 725 344 medium
746 316 762 351 3
798 297 992 354 miseris,
1019 297 1129 353 heu,
1157 296 1365 359 praescia
1391 296 1529 356 longe

192 369 470 414 horrescunt
494 364 633 410 corda
658 363 875 425 agricolis
899 383 912 419 3
947 363 1079 410 dabit
1104 363 1188 409 ille
1213 363 1370 409 ruinas

192 433 445 489 arboribus,
473 443 767 494 stragemque
794 430 898 477 satis
922 451 935 486 ;
971 444 1076 476 ruet
1101 430 1259 476 omnia
1285 430 1376 476 late
1398 450 1413 484 3

193 515 301 547 ante
325 498 499 553 volant,
528 498 832 560 sonitumque
858 498 1019 544 ferunt
1043 497 1102 543 ad
1127 497 1262 543 litora
1286 498 1417 543 venti
1445 516 1454 544 :

194 567 294 614 talis
320 566 371 611 in
398 566 608 611 adversos
635 565 805 611 ductor
832 565 1090 611 Rhoeteius
1117 565 1271 610 hostes

192 649 358 694 agmen
385 633 478 693 agit
500 652 515 686 3
550 632 683 678 densi
712 632 876 678 cuneis
901 649 948 678 se
974 632 1173 694 quisque
1201 632 1374 678 coactis

192 700 530 760 adglomerant.
600 699 708 746 ferit
735 716 844 745 ense
863 715 1049 760 gravem
1071 698 1402 760 Thymbraeus
1426 698 1620 754 Osirim,

190 767 474 813 Archetium
502 767 800 822 Mnestheus,
824 766 1096 828 Epulonem
1123 766 1377 811 obtruncat
1401 766 1623 821 AchateS,

193 834 526 896 Ufentemque
554 835 717 895 Gyas3
755 833 879 880 cadit
905 833 1003 895 ipse
1031 832 1325 878 Tolumnius
1351 849 1515 893 augur,
1563 847 1625 886 460

190 901 370 964 primus
395 901 445 947 in
471 901 680 947 adversos
707 901 856 946 telum
883 900 964 963 qui
993 913 1184 947 torserat
1209 901 1381 946 hostes.

191 968 375 1014 tollitur
398 968 448 1013 in
475 967 659 1014 caelum
686 968 874 1023 clamor,
900 967 1117 1029 versique
1141 966 1348 1013 vicissim

191 1035 521 1098 pulverulenta
547 1035 655 1095 fuga
682 1034 851 1081 Rutuli
879 1034 992 1080 dant
1019 1048 1143 1095 terga
1168 1051 1251 1097 per
1277 1051 1419 1094 agros

191 1103 289 1164 ipse
315 1119 470 1164 neque
497 1119 674 1148 aversos
699 1102 921 1162 dignatur
946 1114 1154 1148 sternere
1180 1101 1334 1156 morti,

192 1186 280 1215 nec
306 1169 426 1231 pede
453 1186 720 1229 congressos
748 1186 897 1231 aequo
929 1186 1016 1215 nec
1046 1169 1137 1214 tela
1164 1169 1365 1215 ferentes

191 1236 456 1298 insequitur
481 1255 495 1289 3
532 1236 685 1282 solum
711 1236 852 1282 densa
878 1235 928 1281 in
955 1235 1159 1296 caligine
1187 1235 1412 1281 Turnum

188 1303 385 1363 vestigat
411 1303 628 1359 lustrans,
657 1303 809 1349 solum
837 1303 886 1348 in
908 1303 1165 1349 certamina
1190 1303 1357 1365 poscit.

190 1371 280 1416 hoc
308 1387 533 1417 concussa
557 1384 687 1416 metu
715 1383 928 1416 mentem
957 1371 1157 1416 Iuturna
1181 1369 1338 1431 virago

191 1437 398 1498 aurigam
427 1437 585 1483 Turni
613 1437 767 1482 media
794 1437 918 1483 inter
943 1437 1042 1483 lora
1070 1437 1333 1484 Metiscum

191 1504 391 1560 excutit,
417 1517 463 1550 et
489 1504 628 1564 longe
656 1505 836 1566 lapsum
865 1517 1054 1550 temone
1079 1504 1274 1566 reliquit
1296 1523 1310 1558 ;
1564 1527 1627 1557 470

190 1571 288 1633 ipsa
313 1571 454 1627 subit,
481 1571 794 1633 manibusque
821 1571 1054 1618 undantes
1081 1570 1231 1618 flectit
1257 1571 1477 1627 habenas,

191 1652 362 1684 cuncta
388 1655 567 1698 gerenS,
594 1655 854 1700 vocemque
881 1651 927 1684 et
954 1655 1121 1700 corpus
1148 1651 1194 1684 et
1220 1655 1345 1683 arma
1374 1637 1587 1683 Metisci.

190 1705 319 1765 nigra
343 1705 476 1752 velut
501 1722 688 1766 magnas
715 1705 898 1751 domini
927 1722 1037 1751 cum
1064 1705 1223 1751 divitis
1249 1705 1384 1751 aedes

188 1772 399 1835 pervolat
425 1785 471 1818 et
494 1772 654 1835 pinnis
680 1772 773 1818 alta
799 1772 916 1818 atria
943 1772 1109 1818 lustrat
1134 1772 1355 1828 hirundO,

189 1839 361 1902 pabula
385 1857 523 1902 parva
548 1840 708 1900 legens
735 1839 954 1902 nidisque
982 1839 1258 1902 loquacibus
1285 1856 1406 1885 escas
1431 1859 1444 1895 3

191 1919 237 1953 et
263 1923 391 1953 nunc
418 1907 681 1969 porticibus
705 1907 881 1965 vacuiS,
909 1923 1038 1953 nunc
1067 1906 1228 1952 umida
1253 1906 1435 1953 circum

191 1987 351 2034 stagna
377 1988 509 2021 sonat
534 1992 544 2020 :
583 1974 748 2020 similis
775 1974 955 2020 medios
982 1975 1180 2020 Iuturna
1205 1991 1290 2036 per
1314 1975 1468 2019 hostes

190 2041 341 2086 fertur
366 2041 499 2103 equis
523 2041 782 2104 rapidoque
807 2041 968 2087 volans
993 2041 1094 2087 obit
1120 2040 1279 2087 omnia
1305 2057 1443 2087 curru
1466 2058 1481 2093 3

189 2107 379 2170 iamque
404 2107 482 2154 hic
504 2124 781 2168 germanum
803 2109 991 2172 iamque
1017 2108 1095 2155 hic
1117 2120 1321 2155 ostentat
1346 2120 1566 2153 ovantem
1591 2127 1603 2163 3

190 2192 279 2222 nec
307 2175 519 2221 conferre
545 2192 740 2223 manum
767 2176 948 2238 patitur
970 2197 983 2233 3
1018 2176 1146 2222 volat
1171 2175 1270 2221 avia
1296 2175 1449 2234 longe.
1566 2188 1628 2227 480

191 2242 318 2288 haud
342 2243 499 2288 minus
524 2243 709 2289 Aeneas
737 2256 880 2290 tortos
909 2243 1023 2304 legit
1049 2242 1214 2289 obvius
1238 2242 1386 2298 orbes,

190 2309 480 2373 vestigatque
499 2310 654 2357 virum
680 2323 726 2357 et
751 2310 945 2357 disiecta
969 2327 1054 2372 per
1078 2309 1265 2370 agmina
1289 2325 1457 2369 magna

192 2392 305 2422 voce
329 2390 481 2425 vocat.
553 2377 773 2440 quotiens
799 2377 962 2424 oculos
988 2377 1194 2423 coniecit
1220 2377 1271 2422 in
1297 2377 1495 2432 hostem,

192 2441 528 2507 alipedumque
554 2445 713 2505 fugam
738 2462 877 2491 cursu
905 2444 1154 2506 temptavit
1178 2459 1425 2507 equorum,

194 2524 370 2554 aversos
396 2511 569 2558 totiens
596 2529 757 2558 currus
783 2512 984 2557 Iuturna
1010 2511 1210 2558 retorsit.

193 2575 304 2632 heu,
331 2576 448 2637 quid
473 2582 612 2637 agat?
680 2578 808 2624 vario
835 2578 1126 2653 nequiquam
1153 2577 1354 2624 fluctuat
1379 2590 1526 2633 aestu,

193 2641 494 2705 diversaeque
517 2657 687 2691 vocant
707 2645 920 2691 animum
947 2645 995 2691 in
1023 2645 1253 2691 contraria
1279 2661 1433 2691 curae.

505 2730 553 2769 45
562 2731 580 2771 5
613 2725 755 2761 volans.
877 2723 926 2771 46
934 2733 953 2773 5
985 2736 1054 2761 nec
1075 2736 1180 2774 equo.
