1861 3256
639 234 912 273 AENEIDos
943 235 1046 274 LIB.
1074 235 1117 274 11
1559 250 1630 288 123

194 345 271 392 hei
300 345 434 401 mihi,
460 342 605 407 qualis
632 355 728 388 erat
751 342 759 389 l
800 357 1030 404 quantum
1056 357 1257 390 mutatus
1284 344 1341 390 ab
1366 344 1450 391 illo

194 413 423 468 Hectore,
482 409 526 456 ui
553 409 672 455 redit
698 409 886 455 exuvias
913 409 1105 458 indutus
1131 411 1328 466 Achilli,

193 480 266 525 vel
293 428 512 591 Danfjm
541 475 763 537 Phrygios
789 475 1016 523 iaculatus
1041 478 1275 540 puppibus
1301 477 1432 553 ignes
1454 478 1464 525 Ξ

193 546 385 609 squalen
411 561 484 591 em
511 543 716 600 barbam,
742 556 787 589 et
813 558 1059 590 concretos
1085 545 1310 606 sanguine
1335 545 1506 602 crineS,

190 612 478 676 vulneraque
504 611 583 657 illa
608 626 790 672 gerens,
816 626 934 673 quae
961 611 1143 658 circum
1168 612 1372 674 plurima
1395 629 1552 659 muros

191 679 374 741 accepit
399 678 583 753 patrios.
655 677 780 723 ultro
805 675 957 723 flens
947 695 1043 739 ipse
1069 679 1258 725 videbar

191 746 474 808 compellare
500 745 671 801 virum,
698 758 744 791 et
769 758 961 790 maestas
989 761 1264 806 expromere
1289 763 1425 793 voces
1451 765 1460 794 :
1568 760 1630 793 280

189 830 216 858 o
242 814 324 859 lux
350 811 632 868 Dardaniae,
658 828 759 873 spes
784 829 811 857 o
836 811 1055 857 fidissima
1082 811 1348 870 Teucrum,

189 896 306 943 quae
332 893 487 926 tantae
514 892 708 925 tenuere
735 881 925 925 morae?
961 877 1130 941 quibus
1157 879 1341 926 Hector
1367 881 1422 927 ab
1446 879 1535 927 oris

189 959 455 1008 exspectate
481 945 610 992 venis
631 948 648 992 ?
686 958 737 992 ut
762 959 807 992 te
833 959 935 1008 post
960 946 1111 993 multa
1136 960 1325 994 tuorum

187 1013 368 1069 funera,
393 1025 497 1074 post
522 1011 672 1059 varios
696 1013 1041 1077 hominumque
1069 1014 1288 1078 urbisque
1314 1013 1491 1061 labores

186 1079 354 1126 defessi
380 1078 630 1142 aspicimus
654 1079 663 1126 !
705 1097 822 1143 quae
850 1097 984 1127 causa
1009 1081 1204 1142 indigna
1230 1098 1410 1128 serenos

185 1146 390 1194 foedavit
415 1148 610 1194 vultus?
647 1161 724 1194 aut
752 1165 836 1194 cur
863 1149 977 1194 haec
1004 1149 1199 1195 vulnera
1226 1165 1372 1196 cerno
1392 1147 1434 1194 ?'

184 1214 265 1260 ille
292 1215 430 1272 nihil,
456 1232 545 1263 nec
573 1232 649 1262 me
675 1228 980 1279 quaerentem
1005 1232 1123 1262 vana
1148 1230 1373 1271 moratur,

185 1282 263 1329 sed
288 1283 487 1343 graviter
513 1283 714 1344 gemitus
740 1282 835 1328 imo
860 1282 917 1328 de
944 1290 1134 1345 pectore'
1158 1282 1354 1338 ducens,

183 1350 275 1396 heu
299 1349 308 1396 !
350 1350 475 1410 fuge,
501 1364 608 1396 nate
635 1350 734 1407 dea,
760 1363 901 1413 teque
926 1348 1027 1406 his‚’
1053 1349 1132 1406 ait,
1159 1356 1171 1375 ‘
1189 1350 1318 1411 eripe
1343 1348 1560 1397 flammis,

183 1416 326 1463 hostis
351 1416 490 1462 habet
517 1433 671 1463 muros
697 1437 710 1472 ;
746 1417 840 1463 ruit
865 1417 959 1463 alto
984 1434 1008 1463 a
1034 1417 1245 1463 culmine
1273 1416 1436 1463 Troia.
1563 1441 1625 1472 290

184 1498 249 1530 sat
274 1483 449 1546 patriae
479 1483 757 1547 Priamoque
784 1483 962 1530 datum.
1035 1483 1070 1529 si
1099 1484 1322 1545 Pergama
1347 1483 1510 1530 dextra

181 1550 374 1598 defendi
401 1563 604 1613 possent,
632 1551 772 1597 etiam
798 1552 884 1597 hac
912 1551 1105 1597 defensa
1128 1551 1342 1598 fuissent.

184 1635 308 1665 sacra
334 1634 531 1681 suosque
557 1617 642 1664 tibi
671 1617 972 1664 commendat
998 1617 1145 1663 Troia
1173 1617 1367 1664 Penates
1389 1637 1404 1672 3

180 1686 264 1732 hos
290 1701 403 1747 cape
429 1685 633 1731 fatorum
660 1684 854 1731 comites
878 1704 892 1738 ;
928 1684 999 1730 his
1025 1684 1213 1730 moenia
1238 1701 1408 1748 quaere

180 1768 364 1813 magna,
389 1766 624 1815 pererrato
649 1764 818 1798 statues
846 1768 964 1814 quae
990 1750 1196 1814 denique
1221 1750 1402 1814 ponto.'

179 1819 243 1866 sic
271 1819 350 1876 ait,
377 1832 423 1866 et
448 1818 663 1865 manibus
689 1817 824 1865 vittas
849 1818 1138 1883 Vestamque
1164 1832 1407 1881 potentem

179 1900 516 1949 aeternumque
543 1885 688 1948 adytis
715 1886 848 1933 effert
873 1885 1189 1948 penetralibus
1215 1886 1392 1947 ignem.

246 1953 428 2000 diverso
453 1953 632 2000 interea
656 1953 917 2000 miscentur
943 1953 1129 2000 moenia
1155 1953 1288 2000 luctu
1313 1974 1325 2009 ;

180 2033 227 2068 et
253 2020 397 2082 magis
424 2034 561 2084 atque
587 2020 747 2081 magis,
774 2037 1060 2085 quamquam
1086 2034 1262 2067 secreta
1286 2020 1493 2082 parentis

179 2088 416 2134 Anchisae
443 2087 608 2134 domus
635 2087 967 2151 arboribusque
994 2087 1180 2134 obtecta
1205 2087 1411 2144 recessit,
1560 2112 1624 2143 300

180 2155 449 2202 clarescunt
474 2154 667 2212 sonitus,
695 2171 1028 2218 armorumque
1055 2154 1233 2216 ingruit
1257 2156 1434 2202 horror.

181 2222 394 2268 excutior
419 2239 602 2279 somno,
627 2235 673 2268 et
699 2221 871 2268 summi
897 2221 1079 2283 fastigia
1104 2221 1218 2268 tecti

182 2305 372 2335 ascensu
399 2306 581 2352 supero,
609 2302 746 2353 atque
772 2288 961 2335 arrectis
987 2288 1174 2335 auribus
1199 2288 1328 2335 adsto
1351 2308 1363 2344 ;

181 2354 230 2400 in
256 2369 462 2418 segetem
488 2356 634 2403 veluti
661 2373 772 2402 cum
798 2355 987 2402 flamma
1011 2355 1278 2402 furentibus
1300 2354 1486 2402 Austris

183 2420 368 2481 incidit,
393 2437 471 2470 aut
495 2423 682 2486 rapidus
707 2436 933 2470 montano
957 2422 1155 2470 flumine
1181 2436 1359 2470 torrens

183 2489 347 2536 sternit
371 2507 512 2551 agros,
541 2491 706 2538 sternit
732 2504 823 2537 sata
849 2491 968 2538 laeta
994 2490 1231 2566 boumque
1257 2490 1452 2546 labores,

182 2555 552 2628 praecipitesque
578 2558 720 2605 trahit
745 2558 897 2615 silvas,
923 2570 1076 2620 stupet
1102 2557 1278 2604 inscius
1303 2558 1396 2604 alto

182 2621 417 2682 acclpiens
443 2625 649 2671 sonitum
675 2625 771 2671 saxi
796 2625 854 2672 de
879 2626 1058 2672 vertice
1083 2638 1252 2687 pastor.

182 2700 284 2733 tum
309 2704 418 2735 vero
443 2691 688 2737 manifesta
713 2692 843 2749 fides,
868 2692 1184 2754 Danaumque
1210 2700 1459 2752 patescunt

181 2754 392 2801 insidiae.
462 2755 554 2802 iam
580 2756 820 2818 De'i'phobi
847 2758 974 2804 dedit
1000 2759 1155 2820 ampla
1179 2758 1364 2803 ruinam
1557 2779 1620 2810 310
