<?xml version="1.0" encoding="UTF-8"?>
<!DOCTYPE html PUBLIC "-//W3C//DTD XHTML 1.0 Transitional//EN"
    "http://www.w3.org/TR/xhtml1/DTD/xhtml1-transitional.dtd">
<html xmlns="http://www.w3.org/1999/xhtml" xml:lang="en" lang="en">
 <head>
  <title>
</title>
<meta http-equiv="Content-Type" content="text/html;charset=utf-8" />
  <meta name='ocr-system' content='tesseract 3.04.00' />
  <meta name='ocr-capabilities' content='ocr_page ocr_carea ocr_par ocr_line ocrx_word'/>
</head>
<body>
  <div class='ocr_page' id='page_1' title='image "./operabucolicageo00virguoft_0166.png"; bbox 0 0 1861 3256; ppageno 0'>
   <div class='ocr_carea' id='block_1_1' title="bbox 247 240 1295 294">
    <p class='ocr_par' dir='ltr' id='par_1_1' title="bbox 247 240 1295 294">
     <span class='ocr_line' id='line_1_1' title="bbox 247 240 1295 294; baseline -0.002 -12"><span class='ocrx_word' id='word_1_1' title='bbox 247 243 318 294; x_wconf 88' lang='lat'>136</span> <span class='ocrx_word' id='word_1_2' title='bbox 700 242 744 279; x_wconf 86' lang='lat' dir='ltr'>P.</span> <span class='ocrx_word' id='word_1_3' title='bbox 774 240 1008 279; x_wconf 83' lang='lat' dir='ltr'>VERGILI</span> <span class='ocrx_word' id='word_1_4' title='bbox 1038 242 1295 280; x_wconf 77' lang='lat' dir='ltr'>MARoms</span> 
     </span>
    </p>
   </div>
   <div class='ocr_carea' id='block_1_2' title="bbox 311 346 1861 2730">
    <p class='ocr_par' dir='ltr' id='par_1_2' title="bbox 316 346 1527 410">
     <span class='ocr_line' id='line_1_2' title="bbox 316 346 1527 410; baseline -0.001 -16"><span class='ocrx_word' id='word_1_5' title='bbox 316 364 405 395; x_wconf 91' lang='lat' dir='ltr'>nec</span> <span class='ocrx_word' id='word_1_6' title='bbox 430 348 558 410; x_wconf 89' lang='lat' dir='ltr'>prius</span> <span class='ocrx_word' id='word_1_7' title='bbox 585 347 800 394; x_wconf 86' lang='lat' dir='ltr'>amissam</span> <span class='ocrx_word' id='word_1_8' title='bbox 826 348 1024 410; x_wconf 85' lang='lat' dir='ltr'>respexi,</span> <span class='ocrx_word' id='word_1_9' title='bbox 1051 349 1322 395; x_wconf 87' lang='lat' dir='ltr'><strong>animumve</strong></span> <span class='ocrx_word' id='word_1_10' title='bbox 1348 346 1527 406; x_wconf 88' lang='lat' dir='ltr'>reflexi,</span> 
     </span>
    </p>

    <p class='ocr_par' dir='ltr' id='par_1_3' title="bbox 315 413 1719 477">
     <span class='ocr_line' id='line_1_3' title="bbox 315 413 1719 477; baseline 0 -16"><span class='ocrx_word' id='word_1_11' title='bbox 315 431 457 477; x_wconf 88' lang='lat' dir='ltr'>quarn</span> <span class='ocrx_word' id='word_1_12' title='bbox 485 414 722 460; x_wconf 90' lang='lat' dir='ltr'>tumulum</span> <span class='ocrx_word' id='word_1_13' title='bbox 749 413 971 477; x_wconf 89' lang='lat' dir='ltr'>antiquae</span> <span class='ocrx_word' id='word_1_14' title='bbox 997 415 1185 462; x_wconf 89' lang='lat' dir='ltr'>Cereris</span> <span class='ocrx_word' id='word_1_15' title='bbox 1211 415 1466 476; x_wconf 92' lang='lat' dir='ltr'>sedemque</span> <span class='ocrx_word' id='word_1_16' title='bbox 1493 427 1719 461; x_wconf 87' lang='lat' dir='ltr'>sacratarn</span> 
     </span>
    </p>

    <p class='ocr_par' dir='ltr' id='par_1_4' title="bbox 314 479 1502 529">
     <span class='ocr_line' id='line_1_4' title="bbox 314 479 1502 529; baseline -0.001 -2"><span class='ocrx_word' id='word_1_17' title='bbox 314 480 561 527; x_wconf 89' lang='lat' dir='ltr'>venimus:</span> <span class='ocrx_word' id='word_1_18' title='bbox 598 479 677 525; x_wconf 91' lang='lat' dir='ltr'>hic</span> <span class='ocrx_word' id='word_1_19' title='bbox 704 479 898 527; x_wconf 91' lang='lat' dir='ltr'>demum</span> <span class='ocrx_word' id='word_1_20' title='bbox 923 481 1138 529; x_wconf 85' lang='lat' dir='ltr'>collectis</span> <span class='ocrx_word' id='word_1_21' title='bbox 1164 481 1382 527; x_wconf 91' lang='lat' dir='ltr'>omnibus</span> <span class='ocrx_word' id='word_1_22' title='bbox 1409 497 1502 526; x_wconf 90' lang='lat' dir='ltr'>una</span> 
     </span>
    </p>

    <p class='ocr_par' dir='ltr' id='par_1_5' title="bbox 314 545 1564 611">
     <span class='ocr_line' id='line_1_5' title="bbox 314 545 1564 611; baseline 0.002 -19"><span class='ocrx_word' id='word_1_23' title='bbox 314 546 485 602; x_wconf 90' lang='lat' dir='ltr'>defuit,</span> <span class='ocrx_word' id='word_1_24' title='bbox 514 558 560 591; x_wconf 93' lang='lat' dir='ltr'>et</span> <span class='ocrx_word' id='word_1_25' title='bbox 585 545 785 592; x_wconf 89' lang='lat' dir='ltr'>comites</span> <span class='ocrx_word' id='word_1_26' title='bbox 812 559 1069 610; x_wconf 91' lang='lat' dir='ltr'>natumque</span> <span class='ocrx_word' id='word_1_27' title='bbox 1094 547 1344 611; x_wconf 90' lang='lat' dir='ltr'>virumque</span> <span class='ocrx_word' id='word_1_28' title='bbox 1370 546 1564 594; x_wconf 88' lang='lat' dir='ltr'>fefellit.</span> 
     </span>
    </p>

    <p class='ocr_par' dir='ltr' id='par_1_6' title="bbox 314 611 1730 676">
     <span class='ocr_line' id='line_1_6' title="bbox 314 611 1730 676; baseline 0.001 -18"><span class='ocrx_word' id='word_1_29' title='bbox 314 629 457 675; x_wconf 93' lang='lat' dir='ltr'>quem</span> <span class='ocrx_word' id='word_1_30' title='bbox 484 628 580 657; x_wconf 93' lang='lat' dir='ltr'>non</span> <span class='ocrx_word' id='word_1_31' title='bbox 606 611 817 658; x_wconf 87' lang='lat' dir='ltr'>incusavi</span> <span class='ocrx_word' id='word_1_32' title='bbox 843 630 1003 660; x_wconf 87' lang='lat' dir='ltr'>amens</span> <span class='ocrx_word' id='word_1_33' title='bbox 1028 614 1375 676; x_wconf 89' lang='lat' dir='ltr'>hominumque</span> <span class='ocrx_word' id='word_1_34' title='bbox 1401 613 1730 676; x_wconf 89' lang='lat' dir='ltr'>deorumque?</span> 
     </span>
    </p>

    <p class='ocr_par' dir='ltr' id='par_1_7' title="bbox 315 677 1359 741">
     <span class='ocr_line' id='line_1_7' title="bbox 315 677 1359 741; baseline 0 -16"><span class='ocrx_word' id='word_1_35' title='bbox 315 691 394 725; x_wconf 89' lang='lat' dir='ltr'>aut</span> <span class='ocrx_word' id='word_1_36' title='bbox 419 677 534 741; x_wconf 90' lang='lat' dir='ltr'>quid</span> <span class='ocrx_word' id='word_1_37' title='bbox 559 677 606 723; x_wconf 91' lang='lat' dir='ltr'>in</span> <span class='ocrx_word' id='word_1_38' title='bbox 637 695 794 725; x_wconf 91' lang='lat' dir='ltr'>eversa</span> <span class='ocrx_word' id='word_1_39' title='bbox 819 679 915 725; x_wconf 90' lang='lat' dir='ltr'>vidi</span> <span class='ocrx_word' id='word_1_40' title='bbox 943 681 1180 727; x_wconf 88' lang='lat' dir='ltr'>crudelius</span> <span class='ocrx_word' id='word_1_41' title='bbox 1208 680 1359 726; x_wconf 86' lang='lat' dir='ltr'>urbe?</span> 
     </span>
    </p>

    <p class='ocr_par' dir='ltr' id='par_1_8' title="bbox 313 744 1717 809">
     <span class='ocr_line' id='line_1_8' title="bbox 313 744 1717 809; baseline 0.002 -19"><span class='ocrx_word' id='word_1_42' title='bbox 313 744 575 791; x_wconf 86' lang='lat' dir='ltr'>Ascanium</span> <span class='ocrx_word' id='word_1_43' title='bbox 600 744 942 809; x_wconf 89' lang='lat' dir='ltr'>Anchisenque</span> <span class='ocrx_word' id='word_1_44' title='bbox 968 760 1150 809; x_wconf 90' lang='lat' dir='ltr'>patrem</span> <span class='ocrx_word' id='word_1_45' title='bbox 1177 747 1488 808; x_wconf 90' lang='lat' dir='ltr'>Teucrosque</span> <span class='ocrx_word' id='word_1_46' title='bbox 1516 746 1717 793; x_wconf 89' lang='lat' dir='ltr'>Penates</span> 
     </span>
    </p>

    <p class='ocr_par' dir='ltr' id='par_1_9' title="bbox 314 811 1861 871">
     <span class='ocr_line' id='line_1_9' title="bbox 314 811 1861 871; baseline 0.001 -13"><span class='ocrx_word' id='word_1_47' title='bbox 314 811 601 858; x_wconf 91' lang='lat' dir='ltr'>commendo</span> <span class='ocrx_word' id='word_1_48' title='bbox 626 811 778 870; x_wconf 88' lang='lat' dir='ltr'>sociis,</span> <span class='ocrx_word' id='word_1_49' title='bbox 807 826 853 859; x_wconf 93' lang='lat' dir='ltr'>et</span> <span class='ocrx_word' id='word_1_50' title='bbox 878 830 1018 859; x_wconf 92' lang='lat' dir='ltr'>curva</span> <span class='ocrx_word' id='word_1_51' title='bbox 1043 815 1166 860; x_wconf 91' lang='lat' dir='ltr'>valle</span> <span class='ocrx_word' id='word_1_52' title='bbox 1191 813 1433 868; x_wconf 93' lang='lat' dir='ltr'>recondo;</span> <span class='ocrx_word' id='word_1_53' title='bbox 1850 858 1861 871; x_wconf 15' lang='lat'>,¹</span> 
     </span>
    </p>

    <p class='ocr_par' dir='ltr' id='par_1_10' title="bbox 313 878 1861 942">
     <span class='ocr_line' id='line_1_10' title="bbox 313 878 1861 942; baseline -0.001 -19"><span class='ocrx_word' id='word_1_54' title='bbox 313 878 414 940; x_wconf 91' lang='lat' dir='ltr'>ipse</span> <span class='ocrx_word' id='word_1_55' title='bbox 440 878 607 924; x_wconf 90' lang='lat' dir='ltr'>urbem</span> <span class='ocrx_word' id='word_1_56' title='bbox 632 892 812 940; x_wconf 92' lang='lat' dir='ltr'>repeto,</span> <span class='ocrx_word' id='word_1_57' title='bbox 841 892 888 925; x_wconf 87' lang='lat' dir='ltr'>et</span> <span class='ocrx_word' id='word_1_58' title='bbox 913 879 1076 940; x_wconf 93' lang='lat' dir='ltr'>cingor</span> <span class='ocrx_word' id='word_1_59' title='bbox 1101 879 1394 940; x_wconf 90' lang='lat' dir='ltr'>fulgentibus</span> <span class='ocrx_word' id='word_1_60' title='bbox 1421 878 1576 926; x_wconf 88' lang='lat' dir='ltr'>armis.</span> <span class='ocrx_word' id='word_1_61' title='bbox 1848 894 1861 942; x_wconf 50' lang='grc' dir='ltr'>πῄ</span> 
     </span>
    </p>

    <p class='ocr_par' dir='ltr' id='par_1_11' title="bbox 314 945 1853 1009">
     <span class='ocr_line' id='line_1_11' title="bbox 314 945 1853 1009; baseline 0 -19"><span class='ocrx_word' id='word_1_62' title='bbox 314 957 405 990; x_wconf 89' lang='lat' dir='ltr'>stat</span> <span class='ocrx_word' id='word_1_63' title='bbox 430 961 561 990; x_wconf 88' lang='lat' dir='ltr'>casus</span> <span class='ocrx_word' id='word_1_64' title='bbox 587 961 813 991; x_wconf 89' lang='lat' dir='ltr'>renovare</span> <span class='ocrx_word' id='word_1_65' title='bbox 839 962 1018 1004; x_wconf 89' lang='lat' dir='ltr'>omnes,</span> <span class='ocrx_word' id='word_1_66' title='bbox 1045 963 1332 1009; x_wconf 92' lang='lat' dir='ltr'>omnemque</span> <span class='ocrx_word' id='word_1_67' title='bbox 1358 945 1531 992; x_wconf 89' lang='lat' dir='ltr'>reverti</span> <span class='ocrx_word' id='word_1_68' title='bbox 1684 968 1746 999; x_wconf 88' lang='lat'>750</span> <span class='ocrx_word' id='word_1_69' title='bbox 1849 952 1853 1006; x_wconf 15' lang='lat'>&#39;¹</span> 
     </span>
    </p>

    <p class='ocr_par' dir='ltr' id='par_1_12' title="bbox 313 1009 1857 1143">
     <span class='ocr_line' id='line_1_12' title="bbox 313 1009 1856 1076; baseline 0.002 -21"><span class='ocrx_word' id='word_1_70' title='bbox 313 1027 398 1073; x_wconf 91' lang='lat' dir='ltr'>per</span> <span class='ocrx_word' id='word_1_71' title='bbox 425 1009 640 1067; x_wconf 86' lang='lat' dir='ltr'>Troiam,</span> <span class='ocrx_word' id='word_1_72' title='bbox 669 1023 715 1056; x_wconf 93' lang='lat' dir='ltr'>et</span> <span class='ocrx_word' id='word_1_73' title='bbox 740 1029 893 1058; x_wconf 92' lang='lat' dir='ltr'>rursus</span> <span class='ocrx_word' id='word_1_74' title='bbox 919 1026 1062 1074; x_wconf 92' lang='lat' dir='ltr'>caput</span> <span class='ocrx_word' id='word_1_75' title='bbox 1087 1013 1327 1060; x_wconf 88' lang='lat' dir='ltr'>obiectare</span> <span class='ocrx_word' id='word_1_76' title='bbox 1352 1011 1558 1074; x_wconf 90' lang='lat' dir='ltr'>periclis.</span> <span class='ocrx_word' id='word_1_77' title='bbox 1844 1012 1856 1076; x_wconf 72' lang='lat'>³}</span> 
     </span>
     <span class='ocr_line' id='line_1_13' title="bbox 378 1075 1857 1143; baseline 0.002 -21"><span class='ocrx_word' id='word_1_78' title='bbox 378 1076 619 1140; x_wconf 89' lang='lat' dir='ltr'>principio</span> <span class='ocrx_word' id='word_1_79' title='bbox 645 1093 803 1123; x_wconf 89' lang='lat' dir='ltr'>muros</span> <span class='ocrx_word' id='word_1_80' title='bbox 828 1078 1119 1143; x_wconf 89' lang='lat' dir='ltr'>obscuraque</span> <span class='ocrx_word' id='word_1_81' title='bbox 1145 1079 1312 1125; x_wconf 87' lang='lat' dir='ltr'>limina</span> <span class='ocrx_word' id='word_1_82' title='bbox 1337 1092 1516 1141; x_wconf 90' lang='lat' dir='ltr'>portae,</span> <span class='ocrx_word' id='word_1_83' title='bbox 1850 1075 1857 1133; x_wconf 63' lang='lat' dir='ltr'>l</span> 
     </span>
    </p>

    <p class='ocr_par' dir='ltr' id='par_1_13' title="bbox 314 1143 1857 1207">
     <span class='ocr_line' id='line_1_14' title="bbox 314 1143 1857 1207; baseline 0.001 -18"><span class='ocrx_word' id='word_1_84' title='bbox 314 1160 405 1206; x_wconf 87' lang='lat' dir='ltr'>qua</span> <span class='ocrx_word' id='word_1_85' title='bbox 430 1160 638 1204; x_wconf 87' lang='lat' dir='ltr'>gressum</span> <span class='ocrx_word' id='word_1_86' title='bbox 665 1144 944 1202; x_wconf 88' lang='lat' dir='ltr'>extuleram,</span> <span class='ocrx_word' id='word_1_87' title='bbox 971 1158 1166 1207; x_wconf 91' lang='lat' dir='ltr'>repeto;</span> <span class='ocrx_word' id='word_1_88' title='bbox 1204 1159 1250 1192; x_wconf 92' lang='lat' dir='ltr'>et</span> <span class='ocrx_word' id='word_1_89' title='bbox 1275 1145 1470 1206; x_wconf 87' lang='lat' dir='ltr'>vestigia</span> <span class='ocrx_word' id='word_1_90' title='bbox 1497 1157 1622 1191; x_wconf 90' lang='lat' dir='ltr'>retro</span> <span class='ocrx_word' id='word_1_91' title='bbox 1851 1143 1857 1195; x_wconf 84' lang='grc'>“,</span> 
     </span>
    </p>

    <p class='ocr_par' dir='ltr' id='par_1_14' title="bbox 313 1211 1859 1273">
     <span class='ocr_line' id='line_1_15' title="bbox 313 1211 1859 1273; baseline 0.002 -17"><span class='ocrx_word' id='word_1_92' title='bbox 313 1211 558 1256; x_wconf 87' lang='lat' dir='ltr'>observata</span> <span class='ocrx_word' id='word_1_93' title='bbox 585 1227 755 1273; x_wconf 92' lang='lat' dir='ltr'>sequor</span> <span class='ocrx_word' id='word_1_94' title='bbox 778 1227 864 1272; x_wconf 93' lang='lat' dir='ltr'>per</span> <span class='ocrx_word' id='word_1_95' title='bbox 889 1224 1081 1258; x_wconf 91' lang='lat' dir='ltr'>noctem</span> <span class='ocrx_word' id='word_1_96' title='bbox 1108 1225 1154 1258; x_wconf 96' lang='lat' dir='ltr'>et</span> <span class='ocrx_word' id='word_1_97' title='bbox 1180 1211 1361 1258; x_wconf 92' lang='lat' dir='ltr'>lumine</span> <span class='ocrx_word' id='word_1_98' title='bbox 1388 1212 1550 1258; x_wconf 85' lang='lat' dir='ltr'>lustro.</span> <span class='ocrx_word' id='word_1_99' title='bbox 1848 1224 1859 1263; x_wconf 64' lang='grc' dir='ltr'>’ί</span> 
     </span>
    </p>

    <p class='ocr_par' dir='ltr' id='par_1_15' title="bbox 312 1276 1859 1341">
     <span class='ocr_line' id='line_1_16' title="bbox 312 1276 1859 1341; baseline 0.001 -19"><span class='ocrx_word' id='word_1_100' title='bbox 312 1278 480 1322; x_wconf 92' lang='lat' dir='ltr'>horror</span> <span class='ocrx_word' id='word_1_101' title='bbox 505 1276 682 1339; x_wconf 93' lang='lat' dir='ltr'>ubique</span> <span class='ocrx_word' id='word_1_102' title='bbox 708 1276 904 1334; x_wconf 91' lang='lat' dir='ltr'>animos,</span> <span class='ocrx_word' id='word_1_103' title='bbox 932 1276 1069 1324; x_wconf 91' lang='lat' dir='ltr'>simul</span> <span class='ocrx_word' id='word_1_104' title='bbox 1097 1278 1194 1341; x_wconf 91' lang='lat' dir='ltr'>ipsa</span> <span class='ocrx_word' id='word_1_105' title='bbox 1220 1278 1410 1324; x_wconf 88' lang='lat' dir='ltr'>silentia</span> <span class='ocrx_word' id='word_1_106' title='bbox 1437 1290 1632 1324; x_wconf 88' lang='lat' dir='ltr'>terrent.</span> <span class='ocrx_word' id='word_1_107' title='bbox 1846 1279 1859 1314; x_wconf 63' lang='lat'>&#39;⁹</span> 
     </span>
    </p>

    <p class='ocr_par' dir='ltr' id='par_1_16' title="bbox 314 1342 1547 1406">
     <span class='ocr_line' id='line_1_17' title="bbox 314 1342 1547 1406; baseline 0.001 -17"><span class='ocrx_word' id='word_1_108' title='bbox 314 1342 428 1389; x_wconf 91' lang='lat' dir='ltr'>inde</span> <span class='ocrx_word' id='word_1_109' title='bbox 454 1343 666 1401; x_wconf 91' lang='lat' dir='ltr'>domum,</span> <span class='ocrx_word' id='word_1_110' title='bbox 694 1342 729 1389; x_wconf 91' lang='lat' dir='ltr'>si</span> <span class='ocrx_word' id='word_1_111' title='bbox 758 1343 880 1389; x_wconf 89' lang='lat' dir='ltr'>forte</span> <span class='ocrx_word' id='word_1_112' title='bbox 905 1344 1093 1406; x_wconf 90' lang='lat' dir='ltr'>pedem,</span> <span class='ocrx_word' id='word_1_113' title='bbox 1121 1344 1156 1390; x_wconf 91' lang='lat' dir='ltr'>si</span> <span class='ocrx_word' id='word_1_114' title='bbox 1184 1344 1320 1402; x_wconf 87' lang='lat' dir='ltr'>forte,</span> <span class='ocrx_word' id='word_1_115' title='bbox 1349 1344 1547 1401; x_wconf 87' lang='lat' dir='ltr'>tulisset,</span> 
     </span>
    </p>

    <p class='ocr_par' dir='ltr' id='par_1_17' title="bbox 313 1409 1745 1467">
     <span class='ocr_line' id='line_1_18' title="bbox 313 1409 1745 1467; baseline 0.001 -12"><span class='ocrx_word' id='word_1_116' title='bbox 313 1426 391 1456; x_wconf 91' lang='lat' dir='ltr'>me</span> <span class='ocrx_word' id='word_1_117' title='bbox 450 1409 620 1456; x_wconf 93' lang='lat' dir='ltr'>refero.</span> <span class='ocrx_word' id='word_1_118' title='bbox 714 1409 961 1457; x_wconf 88' lang='lat' dir='ltr'>inruerant</span> <span class='ocrx_word' id='word_1_119' title='bbox 1019 1410 1192 1467; x_wconf 89' lang='lat' dir='ltr'>Danai,</span> <span class='ocrx_word' id='word_1_120' title='bbox 1254 1423 1301 1456; x_wconf 91' lang='lat' dir='ltr'>et</span> <span class='ocrx_word' id='word_1_121' title='bbox 1361 1423 1542 1456; x_wconf 88' lang='lat' dir='ltr'>tectum</span> <span class='ocrx_word' id='word_1_122' title='bbox 1602 1426 1745 1456; x_wconf 90' lang='lat' dir='ltr'>omne</span> 
     </span>
    </p>

    <p class='ocr_par' dir='ltr' id='par_1_18' title="bbox 448 1476 695 1523">
     <span class='ocr_line' id='line_1_19' title="bbox 448 1476 695 1523; baseline 0 -1"><span class='ocrx_word' id='word_1_123' title='bbox 448 1476 695 1523; x_wconf 84' lang='lat' dir='ltr'>tenebant.</span> 
     </span>
    </p>

    <p class='ocr_par' dir='ltr' id='par_1_19' title="bbox 313 1542 1410 1604">
     <span class='ocr_line' id='line_1_20' title="bbox 313 1542 1410 1604; baseline 0.001 -16"><span class='ocrx_word' id='word_1_124' title='bbox 313 1542 447 1588; x_wconf 86' lang='lat' dir='ltr'>ilicet</span> <span class='ocrx_word' id='word_1_125' title='bbox 473 1543 593 1603; x_wconf 90' lang='lat' dir='ltr'>ignis</span> <span class='ocrx_word' id='word_1_126' title='bbox 621 1543 739 1589; x_wconf 84' lang='lat' dir='ltr'>edax</span> <span class='ocrx_word' id='word_1_127' title='bbox 766 1559 947 1589; x_wconf 89' lang='lat' dir='ltr'>summa</span> <span class='ocrx_word' id='word_1_128' title='bbox 973 1543 1031 1589; x_wconf 89' lang='lat' dir='ltr'>ad</span> <span class='ocrx_word' id='word_1_129' title='bbox 1058 1542 1239 1604; x_wconf 89' lang='lat' dir='ltr'>fastigia</span> <span class='ocrx_word' id='word_1_130' title='bbox 1265 1555 1410 1589; x_wconf 92' lang='lat' dir='ltr'>vento</span> 
     </span>
    </p>

    <p class='ocr_par' dir='ltr' id='par_1_20' title="bbox 312 1609 1730 1672">
     <span class='ocr_line' id='line_1_21' title="bbox 312 1609 1730 1672; baseline 0.001 -18"><span class='ocrx_word' id='word_1_131' title='bbox 312 1609 552 1665; x_wconf 91' lang='lat' dir='ltr'>volvitur;</span> <span class='ocrx_word' id='word_1_132' title='bbox 590 1623 872 1672; x_wconf 87' lang='lat' dir='ltr'>exsuperant</span> <span class='ocrx_word' id='word_1_133' title='bbox 898 1609 1147 1666; x_wconf 83' lang='lat' dir='ltr'>flammae3</span> <span class='ocrx_word' id='word_1_134' title='bbox 1184 1609 1299 1656; x_wconf 90' lang='lat' dir='ltr'>furit</span> <span class='ocrx_word' id='word_1_135' title='bbox 1324 1622 1476 1656; x_wconf 90' lang='lat' dir='ltr'>aestus</span> <span class='ocrx_word' id='word_1_136' title='bbox 1502 1609 1560 1656; x_wconf 86' lang='lat' dir='ltr'>ad</span> <span class='ocrx_word' id='word_1_137' title='bbox 1586 1626 1730 1656; x_wconf 89' lang='lat' dir='ltr'>auras.</span> 
     </span>
    </p>

    <p class='ocr_par' dir='ltr' id='par_1_21' title="bbox 311 1676 1748 1738">
     <span class='ocr_line' id='line_1_22' title="bbox 311 1676 1748 1738; baseline 0.001 -17"><span class='ocrx_word' id='word_1_138' title='bbox 311 1676 536 1738; x_wconf 90' lang='lat' dir='ltr'>procedo,</span> <span class='ocrx_word' id='word_1_139' title='bbox 565 1689 611 1722; x_wconf 90' lang='lat' dir='ltr'>et</span> <span class='ocrx_word' id='word_1_140' title='bbox 639 1676 811 1722; x_wconf 87' lang='lat' dir='ltr'>Priami</span> <span class='ocrx_word' id='word_1_141' title='bbox 840 1676 972 1722; x_wconf 89' lang='lat' dir='ltr'>sedes</span> <span class='ocrx_word' id='word_1_142' title='bbox 998 1692 1249 1738; x_wconf 87' lang='lat' dir='ltr'>arcemque</span> <span class='ocrx_word' id='word_1_143' title='bbox 1275 1676 1442 1723; x_wconf 90' lang='lat' dir='ltr'>reviso.</span> <span class='ocrx_word' id='word_1_144' title='bbox 1685 1691 1748 1731; x_wconf 87' lang='lat'>760</span> 
     </span>
    </p>

    <p class='ocr_par' dir='ltr' id='par_1_22' title="bbox 315 1741 1332 1804">
     <span class='ocr_line' id='line_1_23' title="bbox 315 1741 1332 1804; baseline 0 -17"><span class='ocrx_word' id='word_1_145' title='bbox 315 1755 362 1788; x_wconf 91' lang='lat' dir='ltr'>et</span> <span class='ocrx_word' id='word_1_146' title='bbox 387 1741 479 1788; x_wconf 92' lang='lat' dir='ltr'>iam</span> <span class='ocrx_word' id='word_1_147' title='bbox 505 1742 767 1804; x_wconf 88' lang='lat' dir='ltr'>porticibus</span> <span class='ocrx_word' id='word_1_148' title='bbox 792 1742 950 1788; x_wconf 89' lang='lat' dir='ltr'>vacuis</span> <span class='ocrx_word' id='word_1_149' title='bbox 977 1742 1176 1788; x_wconf 93' lang='lat' dir='ltr'>Iunonis</span> <span class='ocrx_word' id='word_1_150' title='bbox 1203 1742 1332 1803; x_wconf 90' lang='lat' dir='ltr'>asylo</span> 
     </span>
    </p>

    <p class='ocr_par' dir='ltr' id='par_1_23' title="bbox 313 1808 1338 1855">
     <span class='ocr_line' id='line_1_24' title="bbox 313 1808 1338 1855; baseline 0 -1"><span class='ocrx_word' id='word_1_151' title='bbox 313 1808 528 1855; x_wconf 91' lang='lat' dir='ltr'>custodes</span> <span class='ocrx_word' id='word_1_152' title='bbox 556 1808 669 1854; x_wconf 86' lang='lat' dir='ltr'>lecti</span> <span class='ocrx_word' id='word_1_153' title='bbox 698 1808 914 1854; x_wconf 90' lang='lat' dir='ltr'>Phoenix</span> <span class='ocrx_word' id='word_1_154' title='bbox 943 1821 990 1854; x_wconf 89' lang='lat' dir='ltr'>et</span> <span class='ocrx_word' id='word_1_155' title='bbox 1014 1808 1140 1854; x_wconf 86' lang='lat' dir='ltr'>dirus</span> <span class='ocrx_word' id='word_1_156' title='bbox 1168 1808 1338 1854; x_wconf 90' lang='lat' dir='ltr'>Ulixes</span> 
     </span>
    </p>

    <p class='ocr_par' dir='ltr' id='par_1_24' title="bbox 312 1874 1606 1937">
     <span class='ocr_line' id='line_1_25' title="bbox 312 1874 1606 1937; baseline 0 -17"><span class='ocrx_word' id='word_1_157' title='bbox 312 1875 537 1937; x_wconf 90' lang='lat' dir='ltr'>praedam</span> <span class='ocrx_word' id='word_1_158' title='bbox 564 1875 889 1922; x_wconf 84' lang='lat' dir='ltr'>adservabant.</span> <span class='ocrx_word' id='word_1_159' title='bbox 961 1876 1054 1921; x_wconf 92' lang='lat' dir='ltr'>huc</span> <span class='ocrx_word' id='word_1_160' title='bbox 1083 1874 1295 1937; x_wconf 92' lang='lat' dir='ltr'>undique</span> <span class='ocrx_word' id='word_1_161' title='bbox 1323 1875 1470 1920; x_wconf 80' lang='lat' dir='ltr'>Tro‘i&#39;a</span> <span class='ocrx_word' id='word_1_162' title='bbox 1496 1891 1606 1936; x_wconf 87' lang='lat' dir='ltr'>gaza</span> 
     </span>
    </p>

    <p class='ocr_par' dir='ltr' id='par_1_25' title="bbox 312 1941 1422 2004">
     <span class='ocr_line' id='line_1_26' title="bbox 312 1941 1422 2004; baseline 0 -17"><span class='ocrx_word' id='word_1_163' title='bbox 312 1941 520 1988; x_wconf 90' lang='lat' dir='ltr'>incensis</span> <span class='ocrx_word' id='word_1_164' title='bbox 548 1955 708 2004; x_wconf 85' lang='lat' dir='ltr'>erepta</span> <span class='ocrx_word' id='word_1_165' title='bbox 735 1941 884 2003; x_wconf 87' lang='lat' dir='ltr'>adytis</span> <span class='ocrx_word' id='word_1_166' title='bbox 911 1958 1198 2004; x_wconf 91' lang='lat' dir='ltr'>mensaeque</span> <span class='ocrx_word' id='word_1_167' title='bbox 1225 1941 1422 1987; x_wconf 90' lang='lat' dir='ltr'>deorum</span> 
     </span>
    </p>

    <p class='ocr_par' dir='ltr' id='par_1_26' title="bbox 312 2007 1393 2070">
     <span class='ocr_line' id='line_1_27' title="bbox 312 2007 1393 2070; baseline -0.001 -16"><span class='ocrx_word' id='word_1_168' title='bbox 312 2021 612 2070; x_wconf 89' lang='lat' dir='ltr'>crateresque</span> <span class='ocrx_word' id='word_1_169' title='bbox 639 2025 751 2054; x_wconf 90' lang='lat' dir='ltr'>auro</span> <span class='ocrx_word' id='word_1_170' title='bbox 778 2007 916 2054; x_wconf 89' lang='lat' dir='ltr'>solidi</span> <span class='ocrx_word' id='word_1_171' title='bbox 944 2008 1226 2070; x_wconf 89' lang='lat' dir='ltr'>captivaque</span> <span class='ocrx_word' id='word_1_172' title='bbox 1252 2007 1393 2054; x_wconf 91' lang='lat' dir='ltr'>vestis</span> 
     </span>
    </p>

    <p class='ocr_par' dir='ltr' id='par_1_27' title="bbox 312 2074 1667 2137">
     <span class='ocr_line' id='line_1_28' title="bbox 312 2074 1667 2137; baseline 0 -17"><span class='ocrx_word' id='word_1_173' title='bbox 312 2075 601 2135; x_wconf 88' lang='lat' dir='ltr'>congeritur.</span> <span class='ocrx_word' id='word_1_174' title='bbox 672 2074 807 2137; x_wconf 91' lang='lat' dir='ltr'>pueri</span> <span class='ocrx_word' id='word_1_175' title='bbox 836 2087 883 2121; x_wconf 93' lang='lat' dir='ltr'>et</span> <span class='ocrx_word' id='word_1_176' title='bbox 907 2074 1106 2137; x_wconf 90' lang='lat' dir='ltr'>pavidae</span> <span class='ocrx_word' id='word_1_177' title='bbox 1134 2075 1275 2135; x_wconf 91' lang='lat' dir='ltr'>longo</span> <span class='ocrx_word' id='word_1_178' title='bbox 1302 2074 1470 2120; x_wconf 91' lang='lat' dir='ltr'>ordine</span> <span class='ocrx_word' id='word_1_179' title='bbox 1496 2087 1667 2120; x_wconf 90' lang='lat' dir='ltr'>matres</span> 
     </span>
    </p>

    <p class='ocr_par' dir='ltr' id='par_1_28' title="bbox 312 2141 661 2187">
     <span class='ocr_line' id='line_1_29' title="bbox 312 2141 661 2187; baseline 0 0"><span class='ocrx_word' id='word_1_180' title='bbox 312 2154 439 2187; x_wconf 89' lang='lat' dir='ltr'>stant</span> <span class='ocrx_word' id='word_1_181' title='bbox 464 2141 661 2187; x_wconf 90' lang='lat' dir='ltr'>circum.</span> 
     </span>
    </p>

    <p class='ocr_par' dir='ltr' id='par_1_29' title="bbox 313 2207 1480 2270">
     <span class='ocr_line' id='line_1_30' title="bbox 313 2207 1480 2270; baseline 0.001 -17"><span class='ocrx_word' id='word_1_182' title='bbox 313 2224 446 2253; x_wconf 87' lang='lat' dir='ltr'>ausus</span> <span class='ocrx_word' id='word_1_183' title='bbox 473 2208 589 2270; x_wconf 92' lang='lat' dir='ltr'>quin</span> <span class='ocrx_word' id='word_1_184' title='bbox 618 2207 762 2254; x_wconf 92' lang='lat' dir='ltr'>etiam</span> <span class='ocrx_word' id='word_1_185' title='bbox 788 2224 926 2254; x_wconf 91' lang='lat' dir='ltr'>voces</span> <span class='ocrx_word' id='word_1_186' title='bbox 953 2207 1129 2254; x_wconf 90' lang='lat' dir='ltr'>iactare</span> <span class='ocrx_word' id='word_1_187' title='bbox 1153 2225 1239 2270; x_wconf 94' lang='lat' dir='ltr'>per</span> <span class='ocrx_word' id='word_1_188' title='bbox 1265 2207 1480 2254; x_wconf 91' lang='lat' dir='ltr'>umbram</span> 
     </span>
    </p>

    <p class='ocr_par' dir='ltr' id='par_1_30' title="bbox 312 2273 1746 2349">
     <span class='ocr_line' id='line_1_31' title="bbox 312 2273 1746 2349; baseline 0.001 -31"><span class='ocrx_word' id='word_1_189' title='bbox 312 2273 494 2335; x_wconf 90' lang='lat' dir='ltr'>inplevi</span> <span class='ocrx_word' id='word_1_190' title='bbox 521 2275 730 2320; x_wconf 91' lang='lat' dir='ltr'>clamore</span> <span class='ocrx_word' id='word_1_191' title='bbox 756 2274 867 2332; x_wconf 90' lang='lat' dir='ltr'>vias,</span> <span class='ocrx_word' id='word_1_192' title='bbox 895 2287 1194 2349; x_wconf 81' lang='lat' dir='ltr'>maestusque</span> <span class='ocrx_word' id='word_1_193' title='bbox 1222 2275 1451 2321; x_wconf 88' lang='lat' dir='ltr'>Creusam</span> <span class='ocrx_word' id='word_1_194' title='bbox 1687 2287 1746 2348; x_wconf 88' lang='lat'>769</span> 
     </span>
    </p>

    <p class='ocr_par' dir='ltr' id='par_1_31' title="bbox 314 2340 1724 2415">
     <span class='ocr_line' id='line_1_32' title="bbox 314 2340 1724 2415; baseline 0 -30"><span class='ocrx_word' id='word_1_195' title='bbox 314 2340 605 2402; x_wconf 91' lang='lat' dir='ltr'>nequiquam</span> <span class='ocrx_word' id='word_1_196' title='bbox 631 2340 930 2415; x_wconf 82' lang='lat' dir='ltr'>ingeminans</span> <span class='ocrx_word' id='word_1_197' title='bbox 956 2341 1225 2403; x_wconf 91' lang='lat' dir='ltr'>iterumque</span> <span class='ocrx_word' id='word_1_198' title='bbox 1251 2340 1520 2415; x_wconf 86' lang='lat' dir='ltr'>iterumque</span> <span class='ocrx_word' id='word_1_199' title='bbox 1544 2340 1724 2387; x_wconf 88' lang='lat' dir='ltr'>vocavi.</span> 
     </span>
    </p>

    <p class='ocr_par' dir='ltr' id='par_1_32' title="bbox 312 2405 1406 2468">
     <span class='ocr_line' id='line_1_33' title="bbox 312 2405 1406 2468; baseline 0 -17"><span class='ocrx_word' id='word_1_200' title='bbox 312 2406 561 2468; x_wconf 90' lang='lat' dir='ltr'>quaerenti</span> <span class='ocrx_word' id='word_1_201' title='bbox 590 2419 636 2452; x_wconf 93' lang='lat' dir='ltr'>et</span> <span class='ocrx_word' id='word_1_202' title='bbox 664 2407 801 2453; x_wconf 91' lang='lat' dir='ltr'>tectis</span> <span class='ocrx_word' id='word_1_203' title='bbox 829 2407 955 2453; x_wconf 91' lang='lat' dir='ltr'>urbis</span> <span class='ocrx_word' id='word_1_204' title='bbox 981 2406 1081 2452; x_wconf 89' lang='lat' dir='ltr'>sine</span> <span class='ocrx_word' id='word_1_205' title='bbox 1108 2406 1202 2452; x_wconf 90' lang='lat' dir='ltr'>fine</span> <span class='ocrx_word' id='word_1_206' title='bbox 1228 2405 1406 2452; x_wconf 90' lang='lat' dir='ltr'>furenti</span> 
     </span>
    </p>

    <p class='ocr_par' dir='ltr' id='par_1_33' title="bbox 313 2472 1580 2535">
     <span class='ocr_line' id='line_1_34' title="bbox 313 2472 1580 2535; baseline 0 -17"><span class='ocrx_word' id='word_1_207' title='bbox 313 2472 485 2518; x_wconf 86' lang='lat' dir='ltr'>infelix</span> <span class='ocrx_word' id='word_1_208' title='bbox 512 2472 818 2518; x_wconf 90' lang='lat' dir='ltr'>simulacrum</span> <span class='ocrx_word' id='word_1_209' title='bbox 845 2486 985 2535; x_wconf 91' lang='lat' dir='ltr'>atque</span> <span class='ocrx_word' id='word_1_210' title='bbox 1011 2472 1154 2534; x_wconf 89' lang='lat' dir='ltr'>ipsius</span> <span class='ocrx_word' id='word_1_211' title='bbox 1181 2472 1344 2518; x_wconf 92' lang='lat' dir='ltr'>umbra</span> <span class='ocrx_word' id='word_1_212' title='bbox 1372 2472 1580 2519; x_wconf 91' lang='lat' dir='ltr'>Creusae</span> 
     </span>
    </p>

    <p class='ocr_par' dir='ltr' id='par_1_34' title="bbox 311 2538 1469 2599">
     <span class='ocr_line' id='line_1_35' title="bbox 311 2538 1469 2599; baseline -0.001 -14"><span class='ocrx_word' id='word_1_213' title='bbox 311 2538 408 2585; x_wconf 88' lang='lat' dir='ltr'>visa</span> <span class='ocrx_word' id='word_1_214' title='bbox 434 2538 551 2585; x_wconf 87' lang='lat' dir='ltr'>mihi</span> <span class='ocrx_word' id='word_1_215' title='bbox 579 2551 690 2585; x_wconf 90' lang='lat' dir='ltr'>ante</span> <span class='ocrx_word' id='word_1_216' title='bbox 715 2539 892 2595; x_wconf 88' lang='lat' dir='ltr'>oculos,</span> <span class='ocrx_word' id='word_1_217' title='bbox 920 2551 967 2585; x_wconf 93' lang='lat' dir='ltr'>et</span> <span class='ocrx_word' id='word_1_218' title='bbox 993 2552 1103 2585; x_wconf 89' lang='lat' dir='ltr'>nota</span> <span class='ocrx_word' id='word_1_219' title='bbox 1129 2538 1277 2585; x_wconf 91' lang='lat' dir='ltr'>maior</span> <span class='ocrx_word' id='word_1_220' title='bbox 1302 2538 1469 2599; x_wconf 88' lang='lat' dir='ltr'>imago.</span> 
     </span>
    </p>

    <p class='ocr_par' dir='ltr' id='par_1_35' title="bbox 312 2604 1722 2668">
     <span class='ocr_line' id='line_1_36' title="bbox 312 2604 1722 2668; baseline 0 -17"><span class='ocrx_word' id='word_1_221' title='bbox 312 2605 536 2667; x_wconf 91' lang='lat' dir='ltr'>obstipui,</span> <span class='ocrx_word' id='word_1_222' title='bbox 564 2618 893 2668; x_wconf 89' lang='lat' dir='ltr'>steteruntque</span> <span class='ocrx_word' id='word_1_223' title='bbox 919 2621 1097 2662; x_wconf 90' lang='lat' dir='ltr'>comae,</span> <span class='ocrx_word' id='word_1_224' title='bbox 1127 2619 1173 2652; x_wconf 91' lang='lat' dir='ltr'>et</span> <span class='ocrx_word' id='word_1_225' title='bbox 1197 2623 1288 2651; x_wconf 85' lang='lat' dir='ltr'>vox</span> <span class='ocrx_word' id='word_1_226' title='bbox 1315 2605 1530 2652; x_wconf 91' lang='lat' dir='ltr'>faucibus</span> <span class='ocrx_word' id='word_1_227' title='bbox 1555 2604 1722 2652; x_wconf 85' lang='lat' dir='ltr'>haesit.</span> 
     </span>
    </p>

    <p class='ocr_par' dir='ltr' id='par_1_36' title="bbox 313 2671 1437 2730">
     <span class='ocr_line' id='line_1_37' title="bbox 313 2671 1437 2730; baseline 0 -12"><span class='ocrx_word' id='word_1_228' title='bbox 313 2683 416 2718; x_wconf 90' lang='lat' dir='ltr'>tum</span> <span class='ocrx_word' id='word_1_229' title='bbox 442 2671 507 2718; x_wconf 93' lang='lat' dir='ltr'>sic</span> <span class='ocrx_word' id='word_1_230' title='bbox 534 2671 698 2730; x_wconf 90' lang='lat' dir='ltr'>adfari,</span> <span class='ocrx_word' id='word_1_231' title='bbox 726 2684 773 2718; x_wconf 93' lang='lat' dir='ltr'>et</span> <span class='ocrx_word' id='word_1_232' title='bbox 798 2688 930 2718; x_wconf 88' lang='lat' dir='ltr'>curas</span> <span class='ocrx_word' id='word_1_233' title='bbox 955 2671 1027 2717; x_wconf 90' lang='lat' dir='ltr'>his</span> <span class='ocrx_word' id='word_1_234' title='bbox 1053 2672 1244 2718; x_wconf 90' lang='lat' dir='ltr'>demere</span> <span class='ocrx_word' id='word_1_235' title='bbox 1270 2671 1437 2718; x_wconf 88' lang='lat' dir='ltr'>dictis:</span> 
     </span>
    </p>
   </div>
   <div class='ocr_carea' id='block_1_3' title="bbox 866 2749 1117 2800">
    <p class='ocr_par' dir='ltr' id='par_1_37' title="bbox 866 2749 1117 2800">
     <span class='ocr_line' id='line_1_38' title="bbox 866 2749 1117 2800; baseline 0.008 -14"><span class='ocrx_word' id='word_1_236' title='bbox 866 2759 942 2800; x_wconf 82' lang='lat'>755</span> <span class='ocrx_word' id='word_1_237' title='bbox 975 2749 1117 2788; x_wconf 87' lang='lat' dir='ltr'>animo.</span> 
     </span>
    </p>
   </div>
   <div class='ocr_carea' id='block_1_4' title="bbox 1796 0 1861 852">
    <p class='ocr_par' dir='ltr' id='par_1_38' title="bbox 1796 0 1861 852">
     <span class='ocr_line' id='line_1_39' title="bbox 1796 0 1861 852; baseline 0 0"><span class='ocrx_word' id='word_1_238' title='bbox 1796 0 1861 852; x_wconf 95' lang='lat' dir='ltr'> </span> 
     </span>
    </p>
   </div>
  </div>
 </body>
</html>
