1866 3208
540 222 814 259 AENE1Dos
846 222 949 260 LIB.
979 221 1018 258 x
1458 235 1535 274 319

96 330 177 378 olli
203 331 319 377 dura
342 329 475 392 quies
499 327 660 374 oculos
689 341 736 374 et
761 328 937 374 ferreus
962 340 1130 389 urguet

96 414 285 444 somnus
309 416 324 453 ;
360 396 409 442 in
437 408 672 441 aeternam
700 395 986 442 clauduntur
1012 395 1194 441 lumina
1218 408 1427 441 noctem.

97 464 329 511 Caedicus
354 463 646 508 Alcathoum
672 461 936 519 obtruncat,
969 463 1181 509 Sacrator
1207 461 1485 524 Hydaspen,

97 529 496 591 Partheniumque
523 528 656 590 Rapo
684 542 730 575 et
756 530 1038 590 praedurum
1063 529 1239 575 viribus
1265 530 1437 585 Orsen,

95 598 340 658 Messapus
368 595 694 658 Cloniumque
721 596 1117 659 Lycaoniumque
1144 596 1385 654 Ericeten,

93 664 229 710 illum
254 663 453 709 infrenis
479 664 587 726 equi
615 664 744 724 lapsu
772 664 941 709 tellure
968 664 1218 720 iacentem,
1476 688 1536 717 750

93 733 220 777 hunc
245 730 455 793 peditem
481 730 637 792 pedes.
712 744 757 776 et
784 730 958 791 Lycius
983 744 1270 792 processerat
1294 731 1409 791 Agis
1434 751 1446 786 ;

93 814 232 861 quem
259 811 416 844 tamen
442 798 568 844 haud
593 814 756 859 expers
783 798 983 843 Valerus
1010 798 1194 844 virtutis
1222 798 1371 844 avitae

92 864 268 911 deicit·
256 884 270 920 ;
307 878 352 911 at
378 865 653 911 Thronium
682 865 843 920 Salius,
875 864 1150 940 Saliumque
1177 865 1400 922 NealceS,

92 931 286 993 insignis
311 931 466 978 iaculo
493 945 538 978 et
565 932 704 992 longe
732 932 927 977 fallente
954 931 1132 993 sagitta.

159 999 250 1045 iam
276 999 421 1059 gravis
449 999 675 1062 aequabat
703 1000 858 1046 luctus
886 1013 931 1045 et
957 1013 1122 1045 mutua
1149 1000 1342 1045 Mavors

93 1066 271 1123 funera,
297 1066 557 1113 caedebant
581 1066 756 1129 pariter
780 1066 1047 1129 pariterque
1072 1066 1271 1112 ruebant

91 1133 287 1180 victores
314 1133 524 1196 victique
548 1155 561 1191 ;
599 1151 755 1196 neque
782 1133 853 1179 his
880 1133 990 1194 fuga
1015 1146 1144 1189 nota,
1171 1149 1328 1195 neque
1356 1133 1466 1179 illis.

91 1200 137 1246 di
164 1200 285 1246 Iovis
311 1200 360 1247 in
388 1201 524 1248 tectis
551 1201 670 1248 iram
697 1201 980 1247 miserantur
1004 1200 1197 1246 inanem

82 1268 350 1325 amborum,
379 1281 426 1314 et
451 1282 603 1315 tantos
631 1268 906 1315 mortalibus
935 1285 1031 1314 esse
1059 1267 1273 1324 labores3

91 1335 202 1381 hinc
231 1335 412 1392 Venus,
437 1336 550 1382 hinc
581 1350 743 1383 contra
770 1349 947 1397 spectat
976 1335 1192 1381 Saturnia
1217 1335 1357 1381 Iuno.
1476 1350 1536 1388 760

90 1401 265 1464 pallida
292 1402 559 1465 Tisiphone
587 1403 742 1449 media
768 1403 890 1449 inter
917 1403 1048 1448 milia
1073 1401 1232 1449 saevit.

91 1482 135 1514 at
161 1486 271 1515 vero
296 1469 540 1530 ingentem
569 1470 783 1532 quatiens
811 1469 1083 1516 Mezentius
1109 1470 1288 1515 hastam

91 1536 304 1582 turbidus
330 1537 591 1597 ingreditur
619 1554 802 1599 campo.
874 1553 1015 1599 quam
1041 1552 1235 1596 magnus
1263 1535 1433 1592 Orion,

91 1619 202 1649 cum
227 1604 366 1665 pedes
393 1604 573 1650 incedit
599 1604 743 1650 medii
770 1621 852 1666 per
877 1604 1082 1650 maxima
1108 1603 1255 1649 Nerei

91 1684 251 1731 stagna
276 1670 399 1717 viam
426 1671 662 1728 scindens,
691 1689 852 1718 umero
878 1670 1198 1732 supereminet
1225 1669 1387 1725 undas,

90 1750 182 1794 aut,
212 1738 403 1784 summis
429 1739 634 1785 referens
661 1755 884 1784 annosam
910 1737 1150 1784 montibus
1176 1754 1365 1794 ornum,

90 1804 443 1868 ingrediturque
470 1807 566 1851 solo
594 1820 640 1852 et
668 1819 807 1867 caput
834 1805 956 1852 inter
982 1804 1146 1851 nubila
1172 1804 1337 1851 condit
1360 1823 1369 1851 :

91 1872 193 1918 talis
220 1889 265 1918 se
292 1872 427 1919 vastis
453 1873 598 1919 infert
627 1872 902 1919 Mezentius
927 1872 1080 1920 armis.

89 1939 200 1984 huic
228 1952 390 1986 contra
414 1941 616 1997 Aeneas,
643 1941 909 2002 speculatus
936 1940 986 1986 in
1013 1939 1199 2000 agmine
1226 1940 1382 1999 longo,

90 2005 254 2052 obvius
279 2006 346 2054 ire
371 2021 512 2068 parat.
586 2021 746 2054 manet
774 2007 1099 2069 inperterritus
1129 2007 1228 2063 ille,
1473 2030 1534 2058 770

90 2073 273 2119 hostem
298 2075 654 2133 magnanimum
683 2075 949 2136 opperien8‚
978 2088 1024 2120 et
1049 2074 1174 2120 mole
1202 2090 1281 2118 sua
1305 2086 1394 2118 stat
1416 2092 1429 2127 3

91 2154 230 2202 atque
257 2140 406 2186 oculis
433 2141 633 2202 spatium
662 2158 897 2201 emensus,
924 2154 1155 2203 quantum
1182 2139 1287 2185 satis
1313 2140 1469 2185 hastae
1496 2158 1505 2185 ;

60 2206 250 2252 ‘dextra
276 2207 393 2252 mihi
419 2208 532 2253 deus
559 2221 605 2254 et
632 2209 799 2265 telum,
827 2208 956 2270 quod
980 2207 1156 2254 missile
1184 2206 1320 2263 libro,

91 2290 219 2320 nunc
248 2274 398 2321 adsint
421 2275 429 2321 !
504 2292 651 2321 voveo
676 2274 924 2338 praedonis
950 2292 1144 2336 corpore
1170 2273 1311 2335 raptis

91 2340 311 2387 indutum
337 2341 495 2403 spoliis
522 2343 674 2404 ipsum
703 2356 764 2399 te,
791 2343 957 2400 Lause,
986 2356 1227 2404 tropaeum

91 2408 309 2454 Aeneae!
379 2408 514 2467 dixit,
541 2410 913 2472 stridentemque
941 2409 1124 2455 eminus
1150 2410 1328 2455 hastam

93 2473 241 2527 iecit3
278 2488 320 2521 at
346 2475 428 2522 illa
453 2477 614 2523 volans
641 2477 796 2539 clipeo
823 2491 889 2524 est
916 2493 1122 2531 excussa,
1150 2475 1412 2537 proculque

94 2539 330 2599 egregium
354 2543 570 2590 Antoren
598 2545 716 2590 latus
743 2545 868 2591 inter
894 2558 940 2591 et
966 2543 1046 2589 ilia
1071 2543 1186 2604 figit,

95 2606 318 2652 Herculis
342 2609 557 2656 Antoren
579 2611 822 2669 comitem,
849 2612 929 2674 qui
957 2611 1120 2657 missus
1148 2609 1205 2655 ab
1227 2608 1362 2668 Argis

93 2674 298 2720 haeserat
323 2674 559 2733 Euandro,
585 2691 723 2740 atque
749 2679 867 2724 Itala
894 2677 1168 2723 consederat
1195 2676 1322 2721 urbe.
1469 2687 1531 2727 780

243 2761 321 2800 754
352 2750 509 2799 insidiis,
532 2752 666 2792 iaculo.
727 2755 803 2803 756
835 2755 1026 2791 cedebant.
1087 2764 1163 2801 709
1193 2751 1310 2788 hunc.
