1861 3256
254 231 305 268 80

699 230 742 266 P.
771 228 1006 266 VERGILI
1035 230 1294 268 MARONIS

319 354 429 385 cum
454 347 723 400 properant,
751 334 828 380 alii
857 335 1050 382 taurinis
1063 337 1268 392 ,follibus
1294 353 1421 383 auras

318 403 561 466 accipiunt
585 401 903 462 redduntque,
929 401 1005 447 alii
1031 402 1274 449 stridentia
1299 403 1489 463 tingunt

319 487 423 516 aera
450 470 555 515 lacu
579 488 593 523 ;
628 466 774 526 gemit
798 466 1011 529 inpositis
1036 468 1289 515 incudibus
1313 470 1501 524 Aetna;

319 536 391 582 illi
418 535 543 580 inter
568 550 665 578 sese
690 549 858 593 magna
882 534 927 580 vi
952 534 1170 582 bracchia
1196 536 1372 582 tollunt

317 602 367 648 in
394 616 660 655 numerum,
686 612 968 662 versantque
993 601 1147 648 tenaci
1174 601 1353 663 forcipe
1379 601 1554 647 ferrum
1578 620 1589 648 ε

319 684 415 714 non
441 666 593 723 aliter,
622 665 655 711 si
682 683 822 727 parva
848 666 962 713 licet
987 685 1273 730 componere
1298 667 1493 727 magnis,

321 732 575 795 Cecropias
601 732 790 778 innatus
817 750 924 795 apes
951 750 1080 779 amor
1106 747 1272 794 urguet
1295 733 1516 791 habendi,

318 816 515 846 munere
542 815 778 861 quamque
806 816 903 846 suo.
974 800 1248 860 grandaevis
1274 800 1445 861 oppida
1471 817 1613 847 curae

321 880 367 913 et
391 865 575 911 munire
602 865 729 911 favos
757 879 803 912 et
828 866 1024 912 daedala
1049 866 1223 927 fingere
1249 879 1389 913 tecta.

319 945 366 979 at
391 933 534 978 fessae
560 932 710 978 multa
736 933 948 979 referunt
973 950 1019 978 se
1045 946 1184 979 nocte
1209 932 1430 989 minores,
1683 947 1743 978 180

319 1016 453 1045 crura
478 999 643 1059 thymo
667 998 839 1059 plenae
863 1019 877 1054 ;
912 1013 1166 1060 pascuntur
1191 1013 1237 1046 et
1262 1000 1426 1045 arbuta
1447 999 1619 1062 passim

318 1078 363 1111 et
388 1065 574 1125 glaucas
600 1064 762 1110 salices
789 1064 1054 1127 casiamque
1079 1083 1367 1128 crocumque
1391 1067 1643 1112 rubentem

319 1145 365 1177 et
388 1131 615 1193 pinguem
642 1130 793 1176 tiliam
821 1144 868 1177 et
893 1131 1184 1192 ferrugineos
1209 1132 1507 1194 hyacinthos.

317 1198 538 1244 omnibus
564 1214 656 1242 una
680 1196 812 1259 quies
838 1214 1050 1259 operum,
1077 1199 1209 1244 labor
1232 1199 1450 1244 omnibus
1475 1215 1596 1244 unus
1621 1217 1631 1244 ε

317 1281 457 1310 mane
483 1277 627 1309 ruunt
653 1263 798 1325 portis
820 1283 833 1319 ;
870 1280 1099 1326 nusquam
1125 1282 1252 1310 mora
1275 1286 1289 1321 ;
1325 1282 1477 1311 rursus
1505 1265 1691 1311 easdem

317 1347 482 1392 vesper
507 1329 587 1376 ubi
616 1347 639 1376 e
664 1343 797 1392 pastu
825 1331 1019 1376 tandem
1045 1331 1274 1377 decedere
1301 1331 1478 1394 campis

317 1397 581 1453 admonuit,
608 1409 709 1442 tum
736 1409 860 1442 tecta
885 1410 1073 1457 petunt,
1098 1410 1199 1443 tum
1225 1414 1418 1459 corpora
1443 1410 1610 1444 curant
1632 1417 1646 1451 ;

319 1463 371 1509 fit
397 1463 576 1509 sonitus
600 1476 904 1525 mussantque
931 1481 1028 1509 oras
1056 1476 1100 1509 et
1125 1463 1291 1518 limina
1317 1463 1512 1510 circum.

316 1543 436 1592 post,
464 1530 542 1576 ubi
568 1529 662 1576 iam
687 1530 902 1576 thalamis
929 1547 975 1576 se
1001 1531 1324 1592 composu'ere,
1351 1530 1513 1577 siletur

318 1597 368 1643 in
396 1610 588 1643 noctem
614 1597 853 1659 fessosque
879 1614 1014 1659 sopor
1040 1614 1145 1643 suus
1170 1610 1371 1658 occupat
1396 1611 1534 1644 artus.
1683 1621 1745 1652 190

321 1680 408 1710 nec
435 1680 547 1709 vero
573 1680 597 1708 a
623 1663 814 1708 stabulis
840 1663 1002 1725 pluvia
1027 1663 1320 1724 inpendente
1345 1664 1579 1710 recedunt

319 1730 518 1790 longius,
546 1743 626 1776 aut
652 1729 854 1776 credunt
880 1730 1012 1776 caelo
1039 1730 1401 1776 adventantibus
1428 1730 1561 1775 Euris
1585 1751 1596 1783 ;

320 1797 401 1843 sed
427 1796 607 1842 circum
633 1808 763 1842 tutae
791 1796 875 1841 sub
900 1796 1147 1842 moenibus
1174 1796 1299 1842 urbis
1325 1809 1571 1858 aquantur,

321 1879 636 1925 excursusque
662 1863 827 1908 breves
854 1875 1102 1924 temptant,
1132 1876 1178 1909 et
1203 1879 1340 1924 saepe
1367 1863 1567 1924 lapillos,

319 1943 372 1976 ut
398 1929 597 1976 cumbae
623 1929 862 1974 instabiles
888 1928 1035 1975 fluctu
1063 1929 1267 1975 iactante
1293 1930 1547 1986 saburram,

321 1996 497 2042 tollunt
520 2016 534 2052 ;
569 1995 641 2040 his
665 2011 763 2041 sese
789 2013 871 2056 per
897 1995 1058 2041 inania
1084 1995 1248 2041 nubila
1274 1995 1460 2041 librant,

319 2062 458 2108 illum
483 2062 598 2108 adeo
623 2062 854 2124 placuisse
882 2062 1045 2123 apibus
1071 2062 1301 2108 mirabere
1327 2077 1523 2118 morem,

319 2129 446 2192 quod
471 2145 627 2191 neque
654 2128 912 2174 concubitu
940 2129 1189 2188 indulgent
1214 2145 1303 2175 nec
1331 2145 1524 2190 corpora
1549 2144 1709 2188 segnes

319 2195 369 2241 in
396 2196 638 2241 Venerem
664 2195 854 2241 solvunt
881 2209 960 2241 aut
985 2195 1108 2241 fetus
1135 2194 1322 2241 nixibus
1349 2195 1496 2241 edunt
1518 2215 1531 2250 3

319 2278 482 2308 verum
508 2262 632 2323 ipsae
659 2279 683 2307 e
710 2261 833 2307 foliis
862 2275 1008 2319 natos,
1037 2278 1061 2307 e
1087 2261 1302 2307 suavibus
1327 2260 1482 2306 herbis
1682 2285 1744 2306 200

319 2345 399 2373 ore
426 2329 606 2388 legunt,
634 2328 758 2390 ipsae
783 2344 941 2389 regem
966 2345 1223 2390 parvosque
1251 2327 1460 2388 Qirites

319 2393 573 2451 sufficiunt,
601 2395 822 2456 aulasque
850 2408 894 2440 et
920 2411 1055 2440 cerea
1077 2411 1218 2454 regna
1243 2393 1496 2453 refingunt.

319 2477 457 2522 saepe
484 2460 626 2506 etiam
653 2460 778 2506 duris
806 2460 1001 2506 errando
1025 2460 1074 2505 in
1100 2460 1283 2506 cotibus
1309 2460 1403 2505 alas

321 2527 539 2573 attrivere
566 2526 782 2588 ultroque
809 2526 1016 2572 animam
1041 2526 1125 2572 sub
1152 2526 1278 2572 fasce
1303 2526 1474 2572 dedere
1500 2544 1509 2571 ε

324 2606 480 2639 tantus
506 2609 636 2639 amor
660 2592 829 2638 florum
857 2604 902 2638 et
927 2592 1185 2652 generandi
1212 2592 1356 2653 gloria
1383 2591 1551 2638 mellis.

321 2676 430 2720 ergo
455 2660 574 2722 ipsas
599 2659 809 2722 quamvis
836 2658 1017 2719 angusti
1046 2659 1273 2704 terminus
1300 2658 1401 2704 aevi

418 2748 490 2786 173
522 2743 689 2774 antrum.
804 2735 874 2785 185
906 2748 1129 2785 numquam.
1241 2747 1317 2772 202
1348 2735 1524 2783 refigunt.
