1861 3256
291 274 364 324 178
476 273 521 312 P.
549 271 785 310 VERGILI
816 270 1074 308 MARONIS
1103 270 1378 308 AENEIDOS
1410 269 1514 307 LIB.
1543 270 1606 306 IV

359 397 443 444 per
467 380 647 427 medios
671 378 780 435 ruit,
807 393 860 423 ac
887 377 1170 424 morientem
1195 377 1389 423 nomine
1415 376 1616 422 clamat:

329 450 450 494 ‘hoc
477 446 613 503 illud,
640 460 878 505 germana,
905 443 1027 490 fuit?
1062 460 1138 491 me
1165 444 1330 490 fraude
1355 442 1576 505 petebas?

359 515 450 560 hoc
476 529 611 572 rogus
635 511 721 557 iste
746 509 880 567 mihi,
906 511 996 557 hoc
1022 510 1153 571 ignes
1179 526 1376 572 araeque
1402 508 1660 570 parabant?

360 579 474 643 quid
500 578 705 639 primum
733 576 913 623 deserta
939 581 1137 639 querar?
1172 576 1462 623 comitemne
1489 591 1693 621 sororem

361 643 569 707 sprevisti
596 643 831 690 moriens?
903 643 1068 690 eadem
1094 660 1169 690 me
1195 643 1253 689 ad
1279 643 1374 689 fata
1398 658 1637 688 vocasses:

359 712 489 758 idem
516 710 674 756 ambas
699 710 825 756 ferro
851 710 1000 768 dolor,
1027 723 1167 773 atque
1194 709 1360 756 eadem
1385 710 1500 754 hora
1526 707 1724 754 tulisset.

359 777 431 824 his
459 777 601 823 etiam
627 776 773 824 struxi
800 776 1034 835 manibUS‚
1061 776 1328 839 patriosque
1354 774 1517 821 vocavi
1727 789 1789 820 680

359 861 475 890 voce
501 843 627 901 deos,
654 843 719 890 sic
745 855 791 890 te
818 855 870 890 ut
893 844 1045 906 posita
1071 843 1275 889 crudelis
1301 842 1543 888 abessem?

361 909 587 957 exstinxti
613 922 660 956 te
685 927 871 972 meque,
899 927 1040 968 soror,
1065 910 1394 972 populumque
1420 921 1668 970 patresque

362 976 595 1034 Sidonios,
622 977 883 1039 urbemque
911 989 1057 1024 tuam.
1127 976 1235 1022 date
1260 976 1458 1021 vulnera
1484 973 1691 1036 lymphis

360 1043 550 1090 abluam
576 1055 638 1101 et,
665 1055 902 1089 extremus
930 1043 965 1089 si
993 1042 1095 1105 quis
1121 1059 1260 1105 super
1283 1041 1459 1088 halitus
1486 1053 1623 1097 errat,

360 1127 440 1157 ore
466 1109 654 1170 legam.'
725 1109 790 1155 sic
812 1110 912 1154 fata
941 1109 1107 1170 gradus
1135 1121 1340 1155 evaserat
1365 1108 1498 1165 altos,

361 1176 786 1238 semianimemque
812 1175 919 1222 sinu
947 1192 1219 1236 germanam
1244 1175 1460 1237 amplexa
1487 1173 1677 1220 fovebat

361 1260 472 1291 cum
497 1243 692 1304 gemitu,
719 1255 860 1305 atque
889 1255 1010 1289 atros
1037 1241 1244 1288 siccabat
1268 1255 1397 1288 veste
1424 1257 1627 1287 cruores.

361 1310 458 1367 illa,
485 1327 645 1370 graves
671 1309 833 1355 oculos
862 1321 1032 1355 conata
1056 1309 1290 1365 attollere,
1316 1324 1470 1354 rursus

362 1377 556 1432 deficit;
591 1376 792 1422 infixum
819 1375 975 1422 stridit
999 1375 1085 1421 sub
1111 1387 1302 1437 pectore
1329 1374 1517 1420 vulnus.

363 1457 435 1491 ter
459 1460 557 1490 sese
584 1443 805 1490 attollens
833 1441 1093 1505 cubitoque
1118 1440 1290 1487 adnixa
1316 1440 1518 1486 levavit:
1730 1453 1792 1494 690

363 1523 435 1557 ter
460 1510 674 1556 revoluta
700 1523 801 1556 toro
827 1521 910 1566 est,
937 1508 1191 1583 oculisque.
1211 1506 1473 1554 errantibus
1499 1507 1595 1553 alto

362 1577 595 1640 quaesivit
620 1577 753 1623 caelo
778 1576 951 1632 lucem,
982 1574 1310 1637 ingemuitque
1337 1587 1537 1636 reperta.

431 1657 531 1690 tum
558 1645 680 1689 Iuno
706 1643 1026 1705 omnipotens,
1054 1642 1249 1702 longum
1275 1640 1493 1686 miserata
1518 1639 1731 1685 dolorem

363 1710 672 1772 difficilesque
699 1709 869 1767 obitus,
898 1709 1014 1755 Irim
1039 1708 1229 1755 demisit
1255 1708 1480 1769 Olympo,

364 1794 482 1840 quae
508 1777 774 1823 luctantem
801 1776 1009 1822 animam
1037 1791 1277 1837 nexosque
1303 1774 1558 1820 resolveret
1583 1785 1722 1818 artus.

364 1860 489 1901 nam,
517 1843 626 1918 quia
653 1860 741 1889 nec
769 1843 866 1889 fato
891 1842 1058 1889 merita
1085 1859 1173 1888 nec
1200 1854 1352 1887 morte
1377 1839 1576 1902 peribat,

364 1911 445 1957 sed
470 1910 639 1957 misera
665 1922 776 1956 ante
801 1910 944 1967 diem,
972 1909 1221 1971 subitoque
1247 1924 1443 1954 accensa
1470 1907 1643 1961 furore,

365 1977 569 2024 necdum
595 1977 666 2023 illi
693 1977 867 2023 flavum
896 1975 1173 2038 Proserpina
1197 1974 1374 2020 vertice
1401 1974 1583 2020 crinem

364 2045 634 2101 abstulerat,
663 2045 917 2107 Stygioque
945 2057 1087 2104 caput
1113 2043 1415 2088 damnaverat
1442 2041 1587 2086 Orco.

365 2128 473 2172 ergo
499 2111 586 2157 Iris
613 2111 789 2158 croceis
815 2128 899 2186 per
925 2110 1111 2156 caelum
1139 2108 1320 2155 roscida
1347 2106 1521 2169 pinnis,
1732 2129 1793 2159 700

364 2179 498 2225 mille
525 2180 714 2225 trahens
740 2178 890 2224 varios
917 2176 1110 2222 adverso
1136 2175 1231 2222 sole
1258 2174 1451 2231 colores»,

365 2246 569 2303 devolat,
597 2258 644 2292 et
671 2262 808 2307 supra
835 2256 976 2305 caput
1003 2242 1211 2289 adstitit.
1251 2243 1407 2288 ‘hunc
1436 2256 1526 2323 ego,
1543 2238 1648 2285 Diti

365 2329 547 2358 sacrum
574 2312 695 2357 iussa
722 2312 837 2369 fero,
865 2324 1007 2373 teque
1032 2310 1121 2355 isto
1147 2324 1341 2370 corpore
1367 2307 1433 2352 sol
1437 2303 1526 2351 [ο.’

367 2379 430 2424 sic
459 2379 537 2435 ait,
566 2391 612 2424 et
638 2378 802 2425 dextra
828 2377 1011 2424 crinem
1037 2389 1176 2422 secat.
1246 2372 1400 2420 omnis
1427 2384 1473 2418 et
1498 2388 1590 2417 una

366 2445 571 2507 dilapsus
598 2444 739 2502 calor,
766 2457 907 2507 atque
932 2443 982 2488 in
1008 2455 1173 2488 ventos
1199 2440 1295 2486 vita
1319 2437 1525 2486 recessit

900 2529 974 2581 698
1005 2531 1191 2568 nondum.

1854 3007 1861 3256 -ss—--
1859 2965 1861 2997 ᾼ-
1860 2941 1861 2948 ᾼ
