1861 3256
562 244 893 283 GEORGICON
923 246 1027 284 LIB.
1056 246 1121 283 IV
1540 257 1589 294 77

158 355 267 403 trita
292 353 592 416 melisphylla
617 365 663 399 et
688 352 929 399 cerinthae
955 353 1164 415 ignobile
1189 370 1399 414 gramen,

157 423 456 485 tinnitusque
481 420 555 466 cie
581 432 628 466 et
655 420 826 465 Matris
853 435 994 482 quate
1021 421 1237 496 cymbala
1263 420 1445 466 circum
1470 439 1480 467 z

157 490 285 564 ipsae
312 488 561 536 consident
585 486 829 533 medicatis
854 488 1056 544 sedibus,
1082 488 1208 550 ipsae

157 556 329 603 intima
353 572 480 602 more
507 571 590 601 suo
615 570 709 600 sese
734 553 783 599 in
811 555 1048 600 cunabula
1073 555 1297 601 condent.

225 623 296 669 sin
322 636 480 669 autem
507 622 566 668 ad
590 637 798 684 pugnam
824 621 1205 668 exierint—nam
1232 639 1366 683 saepe
1393 620 1576 667 duobus

157 690 342 750 regibus
368 689 560 736 incessit
585 705 756 749 magno
782 687 1016 734 discordia
1041 703 1191 747 motu,

157 757 484 819 continuoque
510 756 690 802 animos
715 755 844 816 vulgi
871 768 917 801 et
943 755 1228 817 trepidantia
1253 757 1380 803 bello

157 824 297 870 corda
321 823 435 870 licet
461 824 598 884 longe
624 823 936 885 praesciscere
958 842 973 877 ;
1011 840 1215 886 namque
1242 835 1479 870 morantes
1550 848 1592 877 70

159 891 362 937 Martius
387 890 471 937 ille
497 890 613 936 aeris
638 889 772 936 rauci
799 907 944 936 canor
968 889 1185 952 increpat
1212 904 1258 936 et
1282 908 1375 936 vox

156 957 347 1004 auditur
370 958 541 1003 fractos
568 957 747 1003 sonitus
774 957 956 1003 imitata
982 957 1202 1003 tubarum
1225 978 1238 1014 3

156 1038 258 1071 tum
285 1024 496 1087 trepidae
522 1024 646 1071 inter
671 1041 719 1071 se
745 1031 920 1071 coeunt
946 1024 1201 1087 pinnisque
1228 1037 1479 1071 coruscant

156 1091 430 1154 spiculaque
458 1104 701 1138 exacuunt
724 1091 882 1137 rostris
911 1104 1169 1166 aptantque
1195 1092 1413 1147 lacertos,

156 1172 201 1206 et
227 1159 353 1205 circa
377 1175 506 1220 reges
531 1159 629 1235 ipsa
655 1159 712 1205 ad
736 1159 969 1220 praetoria
996 1159 1166 1204 densae

153 1225 414 1272 miscentur
438 1226 715 1289 magnisque
740 1238 916 1272 vocant
943 1226 1224 1272 clamoribus
1250 1227 1449 1278 hostem.

155 1310 266 1355 ergo
290 1293 371 1340 ubi
398 1310 478 1339 ver
503 1308 667 1340 nactae
694 1293 865 1340 sudum
893 1310 1178 1356 camposque
1202 1306 1433 1355 patentes,

156 1373 411 1422 erumpunt
436 1361 615 1423 portis:
653 1360 989 1407 concurritur·
976 1397 990 1417 ‚
1028 1360 1254 1406 aethere
1242 1377 1291 1405 1n
1319 1360 1414 1406 alto

155 1427 208 1474 fit
233 1427 450 1474 sonitus·
437 1444 714 1489 ‚magnum
741 1427 920 1474 mixtae
945 1426 1304 1488 glomerantur
1292 1444 1342 1472 1n
1369 1427 1533 1473 orbem

153 1494 529 1557 praecipitesque
556 1495 770 1552 cadunt3
809 1512 905 1540 non
933 1494 1120 1540 densior
1145 1502 1246 1540 aere
1271 1494 1450 1554 grando
1555 1509 1598 1540 80

155 1578 243 1607 nec
271 1561 328 1607 de
356 1578 582 1608 concussa
608 1574 796 1608 tantum
823 1562 948 1623 pluit
973 1561 1085 1607 ilice
1110 1561 1309 1621 glandis.

154 1628 242 1690 ipsi
266 1645 352 1691 per
376 1629 550 1675 medias
578 1629 697 1675 acies
724 1628 988 1703 insignibus
1015 1628 1100 1674 alis

153 1695 368 1756 ingentes
394 1695 571 1741 animos
599 1709 794 1755 angusto
821 1695 870 1740 in
898 1707 1091 1756 pectore
1116 1708 1321 1752 versant,

154 1779 301 1825 usque
327 1762 441 1808 adeo
467 1762 631 1808 obnixi
659 1779 756 1808 non
785 1762 974 1819 cedere,
1000 1762 1114 1808 dum
1139 1762 1287 1823 gravis
1315 1775 1396 1809 aut
1421 1764 1506 1808 hos

153 1842 233 1876 aut
257 1830 340 1875 hos
364 1846 494 1876 versa
518 1830 629 1891 fuga
655 1829 807 1876 victor
833 1830 943 1876 dare
971 1842 1100 1891 terga
1125 1830 1323 1890 subegit.

151 1897 202 1943 hi
228 1909 382 1943 motus
409 1896 677 1943 animorum
706 1911 847 1959 atque
874 1898 990 1943 haec
1019 1897 1280 1943 certamina
1307 1910 1437 1943 tanta

150 1963 358 2027 pulveris
385 1964 541 2025 exigui
568 1964 697 2011 iactu
728 1981 997 2039 compressa
1024 1964 1295 2027 quiescunt.

218 2048 385 2077 verum
411 2031 491 2078 ubi
517 2032 734 2078 ductores
765 2031 863 2078 acie
890 2031 1181 2078 revocaveris
1209 2031 1360 2088 ambo,

151 2098 359 2145 deterior
384 2098 466 2161 qui
491 2098 629 2157 visus,
658 2115 787 2155 eum,
815 2116 875 2145 ne
903 2098 1127 2160 prodigus
1153 2098 1290 2154 obsit,

151 2165 271 2212 dede
298 2165 405 2212 neci
427 2185 443 2220 3
478 2166 646 2212 melior
671 2183 823 2212 vacua
850 2166 949 2211 sine
977 2178 1142 2226 regnet
1168 2165 1218 2211 in
1245 2165 1365 2212 aula.
1555 2190 1598 2220 90

152 2233 268 2279 alter
293 2233 382 2280 erit
407 2233 604 2280 maculis
630 2250 746 2280 auro
773 2233 1100 2296 squalentibus
1128 2233 1293 2280 ardens
1318 2254 1331 2289 ;

153 2316 264 2346 nam
289 2300 386 2347 duo
411 2314 521 2347 sunt
547 2318 718 2362 genera
744 2319 754 2347 z
793 2301 872 2347 hic
902 2300 1088 2358 melior,
1116 2301 1311 2362 insignis
1337 2313 1384 2347 et
1408 2317 1487 2346 ore

157 2379 202 2413 et
226 2367 377 2413 rutilis
404 2368 556 2415 clarus
583 2368 788 2431 squamis
812 2388 826 2424 3
864 2368 947 2414 ille
974 2367 1191 2414 horridus
1218 2368 1336 2414 alter

155 2433 348 2492 desidia,
373 2435 614 2499 latamque
642 2437 831 2482 trahens
858 2435 1089 2498 inglorius
1118 2435 1292 2482 alvum.

157 2512 209 2546 ut
233 2500 373 2548 binae
399 2518 565 2563 regum
592 2502 750 2559 facies,
776 2502 841 2549 ita
867 2520 1061 2565 corpora
1087 2502 1254 2565 plebis·

156 2583 360 2629 namque
386 2569 500 2615 aliae
526 2582 684 2631 turpes
710 2571 921 2627 horrent,
948 2587 1034 2617 ceu
1062 2570 1256 2632 pulvere
1283 2569 1338 2615 ab
1364 2569 1460 2614 alto

157 2649 267 2679 cum
291 2634 422 2681 venit
446 2648 494 2682 et
518 2636 644 2683 sicco
671 2649 842 2683 terram
868 2637 994 2700 spuit
1020 2653 1098 2683 ore
1124 2637 1272 2682 viator

156 2699 345 2746 aridus·
333 2719 346 2756 3
383 2700 578 2748 elucent
602 2703 719 2750 aliae
745 2716 792 2750 et
816 2704 1000 2764 fulgore
1028 2716 1292 2759 coruscant,

530 2778 578 2828 87
607 2780 811 2829 quiescent.
925 2780 972 2817 88
1005 2780 1149 2817 ambos.
