1861 3256
239 236 312 274 190
695 223 740 264 P.
769 224 1002 263 VERGILI
1032 224 1290 264 MARONIS

267 334 280 356 ‘
300 344 410 378 nate
435 332 540 389 dea,
569 331 605 378 si
634 346 778 377 nemo
804 329 948 376 audet
973 347 1020 377 se
1047 331 1238 378 credere
1263 347 1464 393 pugnae,

297 414 418 460 quae
447 397 554 444 finis
581 396 769 443 standi?
806 413 901 459 quo
926 413 1002 444 me
1028 398 1169 444 decet
1195 414 1341 461 usque
1369 398 1554 444 teneri?

297 464 472 510 ducere
500 465 624 509 dona
652 462 799 509 iube.'
872 464 1035 511 cuncti
1063 464 1202 511 simul
1229 481 1309 510 ore
1335 464 1604 511 fremebant

297 529 620 586 Dardanidae,
649 528 882 592 reddique
908 529 1009 577 viro
1034 530 1258 593 promissa
1284 529 1530 576 iubebant.

297 596 376 642 hic
401 594 553 656 gravis
579 595 831 642 Entellum
858 596 996 643 dictis
1025 597 1219 658 castigat
1243 598 1454 654 Acestes,

298 661 538 723 proximus
566 674 618 707 ut
643 661 882 709 viridante
912 676 1014 709 toro
1041 663 1318 710 consederat
1344 663 1548 710 herbae:

298 728 504 785 Entelle,
530 729 731 774 heroum
757 729 1002 791 quondam
1031 729 1282 776 fortissime
1308 729 1495 786 frustra,

298 807 492 840 tantane
517 808 614 841 tam
637 793 822 857 patiens
850 795 987 842 nullo
1014 796 1272 843 certamine
1300 795 1403 841 tolli
1673 820 1733 851 390

297 861 421 907 dona
447 860 602 907 sines?
639 861 720 907 ubi
747 877 878 908 nunc
909 862 1045 909 nobis
1073 863 1187 909 deus
1214 862 1313 920 ille,
1339 862 1560 923 magister

299 926 589 990 nequiquam
614 942 915 987 memoratus,
948 930 1107 992 Eryx?
1147 928 1226 976 ubi
1253 929 1376 975 fama
1401 946 1484 991 per
1508 946 1702 976 omnem

299 993 617 1051 Trinacriam,
646 1008 692 1040 et
718 995 866 1057 spolia
896 996 978 1042 illa
1004 996 1096 1042 tuis
1122 995 1384 1058 pendentia
1410 995 1602 1043 tectis?’

298 1059 380 1106 ille
406 1060 492 1106 sub
516 1061 664 1106 haec:
704 1065 716 1084 ‘
734 1077 830 1107 non
858 1062 1014 1108 laudis
1041 1079 1187 1120 amor,
1215 1079 1304 1109 nec
1329 1062 1476 1123 gloria
1501 1061 1641 1109 cessit

297 1126 430 1189 pulsa
456 1140 620 1183 metu;
657 1126 738 1173 sed
765 1127 895 1174 enim
923 1128 1106 1189 gelidus
1136 1129 1352 1175 tardante
1378 1141 1570 1175 senecta

298 1192 484 1253 sanguis
509 1193 670 1250 hebet,
698 1193 975 1256 frigentque
1003 1195 1174 1241 effetae
1200 1195 1249 1241 in
1276 1211 1472 1257 corpore
1498 1195 1635 1242 vires.

297 1259 332 1306 si
360 1259 495 1317 mihi,
521 1276 642 1322 quae
669 1259 914 1322 quondam
943 1260 1113 1318 fuerat,
1144 1278 1331 1325 quaque
1357 1261 1585 1324 inprobus
1611 1261 1698 1307 iste

299 1326 505 1373 exsultat
531 1326 696 1384 fidens,
724 1326 758 1372 si
789 1343 920 1373 nunc
951 1327 1072 1374 foret
1102 1328 1183 1374 illa
1209 1327 1439 1386 iuventas,

296 1393 424 1439 haud
450 1393 675 1456 equidem
700 1393 855 1457 pretio
885 1393 1113 1441 inductus
1142 1394 1440 1457 pulchroque
1467 1393 1672 1441 iuvenco

297 1460 547 1517 venissem,
575 1477 664 1507 nec
690 1460 815 1507 dona
845 1461 1035 1507 moror.'
1110 1461 1173 1506 sic
1200 1459 1373 1506 deinde
1399 1460 1584 1507 locutus
1677 1485 1738 1514 400

298 1526 348 1572 in
375 1526 588 1573 medium
612 1527 826 1588 geminos
858 1527 1042 1574 inmani
1072 1526 1284 1590 pondere
1309 1540 1491 1574 caestus

297 1593 515 1656 proiecit,
543 1594 714 1657 quibus
741 1611 849 1640 acer
880 1595 1004 1656 Eryx
1034 1593 1083 1640 in
1111 1593 1289 1656 proelia
1315 1607 1474 1640 suetus

299 1660 421 1706 ferre
448 1677 643 1706 manum
669 1661 885 1724 duroque
916 1660 1170 1707 intendere
1197 1660 1414 1706 bracchia
1442 1673 1586 1721 tergo.

297 1726 569 1788 obstipuere
596 1727 741 1773 animi
764 1745 773 1773 :
815 1740 1061 1773 tantorum
1090 1726 1303 1787 ingentia
1329 1739 1510 1788 septem

300 1807 427 1854 terga
452 1793 598 1839 boum
622 1793 821 1855 plumbo
850 1793 1011 1839 insuto
1042 1793 1262 1855 ferroque
1288 1793 1519 1853 rigebant.

299 1872 408 1905 ante
434 1876 596 1905 omnes
623 1873 782 1921 stupet
809 1859 909 1922 ipse
938 1859 1105 1917 Dares,
1133 1859 1369 1922 longeque
1395 1873 1610 1915 recusat3

300 1926 725 1988 magnanimusque
751 1926 1070 1972 Anchisiades
1099 1939 1147 1972 et
1171 1925 1358 1988 pondus
1385 1939 1432 1972 et
1457 1926 1555 1988 ipsa

299 1995 393 2038 huc
420 1992 536 2039 illuc
564 1992 836 2039 vinclorum
864 1992 1084 2039 inmensa
1112 1992 1355 2038 volumina
1380 2006 1547 2038 versat.

299 2073 401 2105 tum
428 2058 585 2105 senior
610 2058 724 2105 tales
751 2059 991 2105 referebat
1022 2073 1216 2121 pectore
1242 2075 1410 2105 voces:

299 2125 430 2188 quid,
458 2125 493 2172 si
520 2124 622 2188 quis
648 2139 831 2172 caestus
861 2125 1006 2188 ipsius
1041 2138 1087 2172 et
1114 2125 1341 2172 Herculis
1367 2143 1494 2172 arma
1679 2151 1739 2179 410

299 2191 506 2250 vidisset,
535 2192 814 2255 tristemque
842 2193 932 2238 hoc
966 2191 1066 2254 ipso
1094 2192 1143 2238 in
1172 2192 1311 2238 litore
1337 2196 1576 2254 pugnam?

299 2260 416 2304 haec
443 2275 692 2319 germanus
728 2259 855 2321 Eryx
885 2259 1132 2322 quondam
1166 2272 1273 2305 tuus
1300 2276 1426 2305 arma
1450 2259 1670 2319 gerebat:

301 2325 529 2385 sanguine
556 2325 711 2371 cernis
739 2326 894 2372 adhuc
927 2342 1183 2388 sparsoque
1211 2325 1391 2371 infecta
1417 2325 1627 2371 cerebro.

300 2391 372 2437 his
398 2408 622 2452 magnum
647 2392 855 2438 Alciden
888 2405 1054 2438 contra
1083 2391 1245 2448 stetit3
1281 2391 1352 2436 his
1380 2407 1463 2451 ego
1489 2405 1664 2450 suetus,

299 2457 415 2504 dum
441 2457 611 2504 melior
636 2457 756 2503 vires
788 2457 974 2518 sanguis
1005 2457 1157 2515 dabat,
1186 2457 1372 2503 aemula
1399 2457 1607 2504 necdum

302 2524 593 2586 temporibus
620 2523 820 2585 geminis
851 2524 1051 2570 canebat
1079 2540 1232 2585 sparsa
1257 2537 1490 2570 senectus.

301 2591 398 2648 sed,
424 2590 460 2636 si
487 2604 644 2637 nostra
674 2589 823 2636 Dares
852 2591 969 2636 haec
998 2590 1174 2636 Troius
1202 2607 1329 2636 arma
1355 2604 1552 2649 recusat,

301 2657 446 2720 idque
471 2656 551 2719 pio
578 2656 710 2703 sedet
737 2657 947 2713 Aeneae,
974 2656 1142 2718 probat
1169 2670 1334 2703 auctor
1358 2658 1570 2712 Acestes,

302 2740 555 2786 aequemus
586 2740 781 2785 pugnas.
854 2723 1016 2784 Erycis
1044 2722 1130 2769 tibi
1158 2735 1286 2783 terga
1312 2722 1501 2770 remitto
1524 2744 1537 2779 3
