<?xml version="1.0" encoding="UTF-8"?>
<!DOCTYPE html PUBLIC "-//W3C//DTD XHTML 1.0 Transitional//EN"
    "http://www.w3.org/TR/xhtml1/DTD/xhtml1-transitional.dtd">
<html xmlns="http://www.w3.org/1999/xhtml" xml:lang="en" lang="en">
 <head>
  <title>
</title>
<meta http-equiv="Content-Type" content="text/html;charset=utf-8" />
  <meta name='ocr-system' content='tesseract 3.04.00' />
  <meta name='ocr-capabilities' content='ocr_page ocr_carea ocr_par ocr_line ocrx_word'/>
</head>
<body>
  <div class='ocr_page' id='page_1' title='image "./operabucolicageo00virguoft_0178.png"; bbox 0 0 1861 3256; ppageno 0'>
   <div class='ocr_carea' id='block_1_1' title="bbox 282 259 1325 317">
    <p class='ocr_par' dir='ltr' id='par_1_1' title="bbox 282 259 1325 317">
     <span class='ocr_line' id='line_1_1' title="bbox 282 259 1325 317; baseline 0.003 -12"><span class='ocrx_word' id='word_1_1' title='bbox 282 267 352 317; x_wconf 88' lang='lat'>148</span> <span class='ocrx_word' id='word_1_2' title='bbox 731 269 777 308; x_wconf 86' lang='lat' dir='ltr'>P.</span> <span class='ocrx_word' id='word_1_3' title='bbox 797 259 1038 307; x_wconf 84' lang='lat' dir='ltr'>&#39;VERGILI</span> <span class='ocrx_word' id='word_1_4' title='bbox 1067 269 1325 308; x_wconf 87' lang='lat' dir='ltr'>MARONIS</span> 
     </span>
    </p>
   </div>
   <div class='ocr_carea' id='block_1_2' title="bbox 340 375 1776 2826">
    <p class='ocr_par' dir='ltr' id='par_1_2' title="bbox 340 375 1772 837">
     <span class='ocr_line' id='line_1_2' title="bbox 340 375 1631 439; baseline 0.001 -17"><span class='ocrx_word' id='word_1_5' title='bbox 340 376 566 439; x_wconf 91' lang='lat' dir='ltr'>procedo,</span> <span class='ocrx_word' id='word_1_6' title='bbox 598 388 645 422; x_wconf 90' lang='lat' dir='ltr'>et</span> <span class='ocrx_word' id='word_1_7' title='bbox 668 391 861 438; x_wconf 90' lang='lat' dir='ltr'>parvam</span> <span class='ocrx_word' id='word_1_8' title='bbox 890 375 1089 423; x_wconf 86' lang='lat' dir='ltr'>Troiam</span> <span class='ocrx_word' id='word_1_9' title='bbox 1114 376 1427 439; x_wconf 88' lang='lat' dir='ltr'>simulataque</span> <span class='ocrx_word' id='word_1_10' title='bbox 1452 375 1631 436; x_wconf 89' lang='lat' dir='ltr'>magnis</span> 
     </span>
     <span class='ocr_line' id='line_1_3' title="bbox 344 441 1772 504; baseline 0.001 -15"><span class='ocrx_word' id='word_1_11' title='bbox 344 443 569 503; x_wconf 88' lang='lat' dir='ltr'>Pergama</span> <span class='ocrx_word' id='word_1_12' title='bbox 600 454 646 488; x_wconf 89' lang='lat' dir='ltr'>et</span> <span class='ocrx_word' id='word_1_13' title='bbox 672 453 887 487; x_wconf 88' lang='lat' dir='ltr'><strong>arentem</strong></span> <span class='ocrx_word' id='word_1_14' title='bbox 918 442 1100 489; x_wconf 85' lang='lat' dir='ltr'><strong>Xanthi</strong></span> <span class='ocrx_word' id='word_1_15' title='bbox 1127 442 1410 504; x_wconf 88' lang='lat' dir='ltr'>cognomine</span> <span class='ocrx_word' id='word_1_16' title='bbox 1436 441 1589 489; x_wconf 90' lang='lat' dir='ltr'>rivum</span> <span class='ocrx_word' id='word_1_17' title='bbox 1709 466 1772 498; x_wconf 86' lang='lat'>350</span> 
     </span>
     <span class='ocr_line' id='line_1_4' title="bbox 341 508 1557 571; baseline -0.001 -16"><span class='ocrx_word' id='word_1_18' title='bbox 341 509 576 569; x_wconf 86' lang='lat' dir='ltr'>adgnosco</span> <span class='ocrx_word' id='word_1_19' title='bbox 606 508 873 569; x_wconf 85' lang='lat' dir='ltr'>Scaeaeque</span> <span class='ocrx_word' id='word_1_20' title='bbox 902 510 1163 571; x_wconf 89' lang='lat' dir='ltr'>amplector</span> <span class='ocrx_word' id='word_1_21' title='bbox 1188 509 1354 555; x_wconf 92' lang='lat' dir='ltr'>limina</span> <span class='ocrx_word' id='word_1_22' title='bbox 1377 521 1557 570; x_wconf 89' lang='lat' dir='ltr'>portae.</span> 
     </span>
     <span class='ocr_line' id='line_1_5' title="bbox 342 573 1560 622; baseline 0.001 -2"><span class='ocrx_word' id='word_1_23' title='bbox 342 592 432 621; x_wconf 90' lang='lat' dir='ltr'>nec</span> <span class='ocrx_word' id='word_1_24' title='bbox 458 590 555 619; x_wconf 93' lang='lat' dir='ltr'>non</span> <span class='ocrx_word' id='word_1_25' title='bbox 585 586 631 619; x_wconf 90' lang='lat' dir='ltr'>et</span> <span class='ocrx_word' id='word_1_26' title='bbox 657 573 836 619; x_wconf 88' lang='lat' dir='ltr'>Teucri</span> <span class='ocrx_word' id='word_1_27' title='bbox 867 575 991 621; x_wconf 87' lang='lat' dir='ltr'>socia</span> <span class='ocrx_word' id='word_1_28' title='bbox 1019 575 1157 622; x_wconf 91' lang='lat' dir='ltr'>simul</span> <span class='ocrx_word' id='word_1_29' title='bbox 1185 576 1298 621; x_wconf 92' lang='lat' dir='ltr'>urbe</span> <span class='ocrx_word' id='word_1_30' title='bbox 1325 575 1560 621; x_wconf 90' lang='lat' dir='ltr'>fruuntur.</span> 
     </span>
     <span class='ocr_line' id='line_1_6' title="bbox 341 638 1437 703; baseline 0 -17"><span class='ocrx_word' id='word_1_31' title='bbox 341 640 448 686; x_wconf 93' lang='lat' dir='ltr'>illos</span> <span class='ocrx_word' id='word_1_32' title='bbox 472 638 734 701; x_wconf 90' lang='lat' dir='ltr'>porticibus</span> <span class='ocrx_word' id='word_1_33' title='bbox 759 657 842 686; x_wconf 83' lang='lat' dir='ltr'>rex</span> <span class='ocrx_word' id='word_1_34' title='bbox 871 640 1134 703; x_wconf 88' lang='lat' dir='ltr'>accipiebat</span> <span class='ocrx_word' id='word_1_35' title='bbox 1159 641 1209 687; x_wconf 92' lang='lat' dir='ltr'>in</span> <span class='ocrx_word' id='word_1_36' title='bbox 1236 640 1403 703; x_wconf 89' lang='lat' dir='ltr'>amplis</span> <span class='ocrx_word' id='word_1_37' title='bbox 1427 659 1437 687; x_wconf 92' lang='lat'>:</span> 
     </span>
     <span class='ocr_line' id='line_1_7' title="bbox 342 705 1297 770; baseline 0.001 -19"><span class='ocrx_word' id='word_1_38' title='bbox 342 706 465 752; x_wconf 91' lang='lat' dir='ltr'>aulai</span> <span class='ocrx_word' id='word_1_39' title='bbox 493 705 652 751; x_wconf 91' lang='lat' dir='ltr'>medio</span> <span class='ocrx_word' id='word_1_40' title='bbox 679 706 895 752; x_wconf 89' lang='lat' dir='ltr'>libabant</span> <span class='ocrx_word' id='word_1_41' title='bbox 921 709 1092 770; x_wconf 91' lang='lat' dir='ltr'>pocula</span> <span class='ocrx_word' id='word_1_42' title='bbox 1120 707 1297 754; x_wconf 87' lang='lat' dir='ltr'>Bacchi</span> 
     </span>
     <span class='ocr_line' id='line_1_8' title="bbox 341 771 1498 837; baseline 0.002 -20"><span class='ocrx_word' id='word_1_43' title='bbox 341 771 558 834; x_wconf 85' lang='lat' dir='ltr'>inpositis</span> <span class='ocrx_word' id='word_1_44' title='bbox 586 789 695 818; x_wconf 88' lang='lat' dir='ltr'>auro</span> <span class='ocrx_word' id='word_1_45' title='bbox 722 772 919 835; x_wconf 88' lang='lat' dir='ltr'>dapibus</span> <span class='ocrx_word' id='word_1_46' title='bbox 948 787 1224 837; x_wconf 91' lang='lat' dir='ltr'>paterasque</span> <span class='ocrx_word' id='word_1_47' title='bbox 1252 773 1498 820; x_wconf 86' lang='lat' dir='ltr'>tenebant.</span> 
     </span>
    </p>

    <p class='ocr_par' dir='ltr' id='par_1_3' title="bbox 340 838 1776 2031">
     <span class='ocr_line' id='line_1_9' title="bbox 408 838 1595 903; baseline 0.002 -20"><span class='ocrx_word' id='word_1_48' title='bbox 408 838 598 900; x_wconf 88' lang='lat' dir='ltr'>iamque</span> <span class='ocrx_word' id='word_1_49' title='bbox 624 838 724 884; x_wconf 90' lang='lat' dir='ltr'>dies</span> <span class='ocrx_word' id='word_1_50' title='bbox 750 840 962 902; x_wconf 89' lang='lat' dir='ltr'>alterque</span> <span class='ocrx_word' id='word_1_51' title='bbox 992 840 1091 886; x_wconf 92' lang='lat' dir='ltr'>dies</span> <span class='ocrx_word' id='word_1_52' title='bbox 1115 839 1357 903; x_wconf 81' lang='lat' dir='ltr'>processit,</span> <span class='ocrx_word' id='word_1_53' title='bbox 1386 852 1431 886; x_wconf 90' lang='lat' dir='ltr'>et</span> <span class='ocrx_word' id='word_1_54' title='bbox 1457 855 1595 886; x_wconf 90' lang='lat' dir='ltr'>aurae</span> 
     </span>
     <span class='ocr_line' id='line_1_10' title="bbox 341 905 1643 968; baseline 0.001 -18"><span class='ocrx_word' id='word_1_55' title='bbox 341 905 448 951; x_wconf 86' lang='lat' dir='ltr'>vela</span> <span class='ocrx_word' id='word_1_56' title='bbox 470 917 643 951; x_wconf 89' lang='lat' dir='ltr'>vocant</span> <span class='ocrx_word' id='word_1_57' title='bbox 670 905 950 968; x_wconf 90' lang='lat' dir='ltr'>tumidoque</span> <span class='ocrx_word' id='word_1_58' title='bbox 978 905 1171 953; x_wconf 90' lang='lat' dir='ltr'>inflatur</span> <span class='ocrx_word' id='word_1_59' title='bbox 1196 906 1409 953; x_wconf 85' lang='lat' dir='ltr'>carbasus</span> <span class='ocrx_word' id='word_1_60' title='bbox 1433 906 1610 952; x_wconf 90' lang='lat' dir='ltr'>Austro</span> <span class='ocrx_word' id='word_1_61' title='bbox 1634 924 1643 952; x_wconf 91' lang='lat'>:</span> 
     </span>
     <span class='ocr_line' id='line_1_11' title="bbox 340 971 1477 1046; baseline 0.002 -29"><span class='ocrx_word' id='word_1_62' title='bbox 340 971 412 1017; x_wconf 91' lang='lat' dir='ltr'>his</span> <span class='ocrx_word' id='word_1_63' title='bbox 437 983 596 1017; x_wconf 89' lang='lat' dir='ltr'>vatem</span> <span class='ocrx_word' id='word_1_64' title='bbox 622 971 868 1046; x_wconf 83' lang='lat' dir='ltr'>adgredior</span> <span class='ocrx_word' id='word_1_65' title='bbox 894 972 1032 1019; x_wconf 89' lang='lat' dir='ltr'>dictis</span> <span class='ocrx_word' id='word_1_66' title='bbox 1059 990 1110 1019; x_wconf 91' lang='lat' dir='ltr'>ac</span> <span class='ocrx_word' id='word_1_67' title='bbox 1139 973 1249 1019; x_wconf 91' lang='lat' dir='ltr'>talia</span> <span class='ocrx_word' id='word_1_68' title='bbox 1273 990 1443 1035; x_wconf 88' lang='lat' dir='ltr'>quaeso</span> <span class='ocrx_word' id='word_1_69' title='bbox 1468 991 1477 1019; x_wconf 75' lang='grc' dir='ltr'>ε</span> 
     </span>
     <span class='ocr_line' id='line_1_12' title="bbox 343 1037 1655 1102; baseline 0 -19"><span class='ocrx_word' id='word_1_70' title='bbox 343 1038 635 1098; x_wconf 88' lang='lat' dir='ltr'>Troiugena,</span> <span class='ocrx_word' id='word_1_71' title='bbox 661 1037 896 1100; x_wconf 90' lang='lat' dir='ltr'>interpres</span> <span class='ocrx_word' id='word_1_72' title='bbox 923 1039 1098 1097; x_wconf 88' lang='lat' dir='ltr'>divom,</span> <span class='ocrx_word' id='word_1_73' title='bbox 1127 1040 1206 1102; x_wconf 91' lang='lat' dir='ltr'>qui</span> <span class='ocrx_word' id='word_1_74' title='bbox 1234 1039 1432 1085; x_wconf 90' lang='lat' dir='ltr'>numina</span> <span class='ocrx_word' id='word_1_75' title='bbox 1458 1037 1655 1096; x_wconf 90' lang='lat' dir='ltr'>Phoebi,</span> 
     </span>
     <span class='ocr_line' id='line_1_13' title="bbox 342 1104 1774 1168; baseline 0 -18"><span class='ocrx_word' id='word_1_76' title='bbox 342 1104 423 1167; x_wconf 93' lang='lat' dir='ltr'>qui</span> <span class='ocrx_word' id='word_1_77' title='bbox 451 1104 657 1166; x_wconf 79' lang='lat' dir='ltr'>tripodas</span> <span class='ocrx_word' id='word_1_78' title='bbox 685 1104 833 1150; x_wconf 91' lang='lat' dir='ltr'>Clarii</span> <span class='ocrx_word' id='word_1_79' title='bbox 862 1118 909 1151; x_wconf 92' lang='lat' dir='ltr'>et</span> <span class='ocrx_word' id='word_1_80' title='bbox 935 1106 1105 1164; x_wconf 88' lang='lat' dir='ltr'>laurus,</span> <span class='ocrx_word' id='word_1_81' title='bbox 1134 1106 1214 1168; x_wconf 91' lang='lat' dir='ltr'>qui</span> <span class='ocrx_word' id='word_1_82' title='bbox 1243 1105 1390 1151; x_wconf 85' lang='lat' dir='ltr'>sidera</span> <span class='ocrx_word' id='word_1_83' title='bbox 1415 1105 1559 1151; x_wconf 90' lang='lat' dir='ltr'>sentis</span> <span class='ocrx_word' id='word_1_84' title='bbox 1711 1119 1774 1159; x_wconf 85' lang='lat'>360</span> 
     </span>
     <span class='ocr_line' id='line_1_14' title="bbox 344 1170 1611 1234; baseline 0.001 -18"><span class='ocrx_word' id='word_1_85' title='bbox 344 1183 391 1217; x_wconf 93' lang='lat' dir='ltr'>et</span> <span class='ocrx_word' id='word_1_86' title='bbox 415 1171 664 1217; x_wconf 90' lang='lat' dir='ltr'>volucrum</span> <span class='ocrx_word' id='word_1_87' title='bbox 690 1170 872 1231; x_wconf 86' lang='lat' dir='ltr'>linguas</span> <span class='ocrx_word' id='word_1_88' title='bbox 901 1184 946 1217; x_wconf 90' lang='lat' dir='ltr'>et</span> <span class='ocrx_word' id='word_1_89' title='bbox 970 1172 1208 1234; x_wconf 88' lang='lat' dir='ltr'>praepetis</span> <span class='ocrx_word' id='word_1_90' title='bbox 1235 1172 1395 1218; x_wconf 89' lang='lat' dir='ltr'>omina</span> <span class='ocrx_word' id='word_1_91' title='bbox 1421 1171 1611 1234; x_wconf 88' lang='lat' dir='ltr'>pinnae,</span> 
     </span>
     <span class='ocr_line' id='line_1_15' title="bbox 342 1236 1773 1300; baseline 0 -17"><span class='ocrx_word' id='word_1_92' title='bbox 342 1237 441 1284; x_wconf 92' lang='lat' dir='ltr'>fare</span> <span class='ocrx_word' id='word_1_93' title='bbox 462 1253 823 1300; x_wconf 88' lang='lat' dir='ltr'>age—namque</span> <span class='ocrx_word' id='word_1_94' title='bbox 844 1254 1037 1284; x_wconf 90' lang='lat' dir='ltr'>omnem</span> <span class='ocrx_word' id='word_1_95' title='bbox 1056 1255 1242 1284; x_wconf 90' lang='lat' dir='ltr'>cursum</span> <span class='ocrx_word' id='word_1_96' title='bbox 1269 1238 1386 1283; x_wconf 91' lang='lat' dir='ltr'>mihi</span> <span class='ocrx_word' id='word_1_97' title='bbox 1413 1255 1632 1300; x_wconf 90' lang='lat' dir='ltr'>prospera</span> <span class='ocrx_word' id='word_1_98' title='bbox 1651 1236 1773 1284; x_wconf 83' lang='lat' dir='ltr'>dixit</span> 
     </span>
     <span class='ocr_line' id='line_1_16' title="bbox 342 1303 1411 1364; baseline 0 -14"><span class='ocrx_word' id='word_1_99' title='bbox 342 1304 526 1364; x_wconf 89' lang='lat' dir='ltr'>religi0,</span> <span class='ocrx_word' id='word_1_100' title='bbox 555 1316 601 1350; x_wconf 92' lang='lat' dir='ltr'>et</span> <span class='ocrx_word' id='word_1_101' title='bbox 627 1303 789 1350; x_wconf 91' lang='lat' dir='ltr'>cuncti</span> <span class='ocrx_word' id='word_1_102' title='bbox 816 1318 1061 1350; x_wconf 88' lang='lat' dir='ltr'>suaserunt</span> <span class='ocrx_word' id='word_1_103' title='bbox 1088 1304 1287 1351; x_wconf 91' lang='lat' dir='ltr'>numine</span> <span class='ocrx_word' id='word_1_104' title='bbox 1315 1304 1411 1350; x_wconf 88' lang='lat' dir='ltr'>divi</span> 
     </span>
     <span class='ocr_line' id='line_1_17' title="bbox 343 1371 1489 1433; baseline 0 -17"><span class='ocrx_word' id='word_1_105' title='bbox 343 1371 534 1416; x_wconf 91' lang='lat' dir='ltr'>Italiam</span> <span class='ocrx_word' id='word_1_106' title='bbox 559 1383 723 1432; x_wconf 93' lang='lat' dir='ltr'>petere</span> <span class='ocrx_word' id='word_1_107' title='bbox 751 1383 797 1417; x_wconf 95' lang='lat' dir='ltr'>et</span> <span class='ocrx_word' id='word_1_108' title='bbox 824 1383 966 1417; x_wconf 90' lang='lat' dir='ltr'>terras</span> <span class='ocrx_word' id='word_1_109' title='bbox 993 1384 1225 1433; x_wconf 89' lang='lat' dir='ltr'>temptare</span> <span class='ocrx_word' id='word_1_110' title='bbox 1252 1383 1487 1433; x_wconf 88' lang='lat' dir='ltr'>repostas·</span> <span class='ocrx_word' id='word_1_111' title='bbox 1475 1407 1489 1426; x_wconf 91' lang='lat'>‚</span> 
     </span>
     <span class='ocr_line' id='line_1_18' title="bbox 343 1436 1543 1500; baseline 0 -18"><span class='ocrx_word' id='word_1_112' title='bbox 343 1437 441 1483; x_wconf 92' lang='lat' dir='ltr'>sola</span> <span class='ocrx_word' id='word_1_113' title='bbox 467 1454 644 1483; x_wconf 89' lang='lat' dir='ltr'>novum</span> <span class='ocrx_word' id='word_1_114' title='bbox 670 1437 899 1500; x_wconf 91' lang='lat' dir='ltr'>dictuque</span> <span class='ocrx_word' id='word_1_115' title='bbox 925 1437 1057 1483; x_wconf 89' lang='lat' dir='ltr'>nefas</span> <span class='ocrx_word' id='word_1_116' title='bbox 1086 1436 1300 1500; x_wconf 82' lang='lat' dir='ltr'>Harpyia</span> <span class='ocrx_word' id='word_1_117' title='bbox 1329 1436 1543 1483; x_wconf 91' lang='lat' dir='ltr'>Celaeno</span> 
     </span>
     <span class='ocr_line' id='line_1_19' title="bbox 342 1503 1410 1567; baseline -0.001 -17"><span class='ocrx_word' id='word_1_118' title='bbox 342 1503 610 1567; x_wconf 87' lang='lat' dir='ltr'>prodigium</span> <span class='ocrx_word' id='word_1_119' title='bbox 637 1503 766 1550; x_wconf 90' lang='lat' dir='ltr'>canit</span> <span class='ocrx_word' id='word_1_120' title='bbox 793 1517 840 1550; x_wconf 90' lang='lat' dir='ltr'>et</span> <span class='ocrx_word' id='word_1_121' title='bbox 867 1503 1019 1550; x_wconf 89' lang='lat' dir='ltr'>tristes</span> <span class='ocrx_word' id='word_1_122' title='bbox 1045 1503 1298 1550; x_wconf 87' lang='lat' dir='ltr'>denuntiat</span> <span class='ocrx_word' id='word_1_123' title='bbox 1323 1503 1410 1549; x_wconf 90' lang='lat' dir='ltr'>iras</span> 
     </span>
     <span class='ocr_line' id='line_1_20' title="bbox 343 1569 1662 1634; baseline 0 -18"><span class='ocrx_word' id='word_1_124' title='bbox 343 1571 694 1633; x_wconf 89' lang='lat' dir='ltr'>obscenamque</span> <span class='ocrx_word' id='word_1_125' title='bbox 720 1570 1088 1634; x_wconf 90' lang='lat' dir='ltr'>famem—quae</span> <span class='ocrx_word' id='word_1_126' title='bbox 1114 1570 1265 1633; x_wconf 90' lang='lat' dir='ltr'>prima</span> <span class='ocrx_word' id='word_1_127' title='bbox 1289 1570 1501 1633; x_wconf 88' lang='lat' dir='ltr'>pericula</span> <span class='ocrx_word' id='word_1_128' title='bbox 1526 1569 1662 1616; x_wconf 83' lang='lat' dir='ltr'>vito?</span> 
     </span>
     <span class='ocr_line' id='line_1_21' title="bbox 344 1636 1644 1700; baseline 0.001 -19"><span class='ocrx_word' id='word_1_129' title='bbox 344 1636 519 1699; x_wconf 89' lang='lat' dir='ltr'>quidve</span> <span class='ocrx_word' id='word_1_130' title='bbox 545 1654 744 1699; x_wconf 91' lang='lat' dir='ltr'>sequens</span> <span class='ocrx_word' id='word_1_131' title='bbox 770 1650 924 1683; x_wconf 88' lang='lat' dir='ltr'>tantos</span> <span class='ocrx_word' id='word_1_132' title='bbox 951 1637 1126 1700; x_wconf 91' lang='lat' dir='ltr'>possim</span> <span class='ocrx_word' id='word_1_133' title='bbox 1155 1654 1372 1699; x_wconf 85' lang='lat' dir='ltr'>superare</span> <span class='ocrx_word' id='word_1_134' title='bbox 1399 1636 1614 1683; x_wconf 89' lang='lat' dir='ltr'>labores.</span> <span class='ocrx_word' id='word_1_135' title='bbox 1603 1636 1644 1671; x_wconf 58' lang='grc' dir='ltr'>ν’</span> 
     </span>
     <span class='ocr_line' id='line_1_22' title="bbox 342 1703 1557 1765; baseline 0.001 -17"><span class='ocrx_word' id='word_1_136' title='bbox 342 1703 422 1749; x_wconf 91' lang='lat' dir='ltr'>hic</span> <span class='ocrx_word' id='word_1_137' title='bbox 450 1703 670 1749; x_wconf 90' lang='lat' dir='ltr'>Helenus</span> <span class='ocrx_word' id='word_1_138' title='bbox 697 1703 840 1749; x_wconf 89' lang='lat' dir='ltr'>caesis</span> <span class='ocrx_word' id='word_1_139' title='bbox 867 1703 1074 1765; x_wconf 85' lang='lat' dir='ltr'>primurn</span> <span class='ocrx_word' id='word_1_140' title='bbox 1102 1703 1161 1749; x_wconf 92' lang='lat' dir='ltr'>de</span> <span class='ocrx_word' id='word_1_141' title='bbox 1187 1720 1317 1749; x_wconf 89' lang='lat' dir='ltr'>more</span> <span class='ocrx_word' id='word_1_142' title='bbox 1342 1703 1557 1750; x_wconf 91' lang='lat' dir='ltr'>iuvencis</span> 
     </span>
     <span class='ocr_line' id='line_1_23' title="bbox 346 1769 1776 1832; baseline 0 -17"><span class='ocrx_word' id='word_1_143' title='bbox 346 1782 506 1816; x_wconf 82' lang='lat' dir='ltr'>exorat</span> <span class='ocrx_word' id='word_1_144' title='bbox 529 1786 697 1832; x_wconf 90' lang='lat' dir='ltr'>pacem</span> <span class='ocrx_word' id='word_1_145' title='bbox 723 1769 883 1815; x_wconf 90' lang='lat' dir='ltr'>divom</span> <span class='ocrx_word' id='word_1_146' title='bbox 910 1769 1144 1832; x_wconf 87' lang='lat' dir='ltr'>vittasque</span> <span class='ocrx_word' id='word_1_147' title='bbox 1171 1769 1363 1815; x_wconf 89' lang='lat' dir='ltr'>resolvit</span> <span class='ocrx_word' id='word_1_148' title='bbox 1715 1793 1776 1824; x_wconf 86' lang='lat'>370</span> 
     </span>
     <span class='ocr_line' id='line_1_24' title="bbox 344 1835 1555 1898; baseline 0.001 -17"><span class='ocrx_word' id='word_1_149' title='bbox 344 1835 510 1882; x_wconf 90' lang='lat' dir='ltr'>sacrati</span> <span class='ocrx_word' id='word_1_150' title='bbox 538 1835 720 1898; x_wconf 89' lang='lat' dir='ltr'>capitis,</span> <span class='ocrx_word' id='word_1_151' title='bbox 747 1852 919 1898; x_wconf 90' lang='lat' dir='ltr'>meque</span> <span class='ocrx_word' id='word_1_152' title='bbox 946 1836 1004 1882; x_wconf 90' lang='lat' dir='ltr'>ad</span> <span class='ocrx_word' id='word_1_153' title='bbox 1031 1849 1109 1882; x_wconf 90' lang='lat' dir='ltr'>tua</span> <span class='ocrx_word' id='word_1_154' title='bbox 1136 1835 1319 1894; x_wconf 89' lang='lat' dir='ltr'>limina,</span> <span class='ocrx_word' id='word_1_155' title='bbox 1348 1836 1555 1893; x_wconf 90' lang='lat' dir='ltr'>Phoebe,</span> 
     </span>
     <span class='ocr_line' id='line_1_25' title="bbox 343 1902 1497 1964; baseline 0.001 -16"><span class='ocrx_word' id='word_1_156' title='bbox 343 1902 444 1964; x_wconf 90' lang='lat' dir='ltr'>ipse</span> <span class='ocrx_word' id='word_1_157' title='bbox 469 1918 614 1948; x_wconf 88' lang='lat' dir='ltr'>manu</span> <span class='ocrx_word' id='word_1_158' title='bbox 641 1902 793 1948; x_wconf 89' lang='lat' dir='ltr'>multo</span> <span class='ocrx_word' id='word_1_159' title='bbox 821 1919 1096 1964; x_wconf 91' lang='lat' dir='ltr'>suspensum</span> <span class='ocrx_word' id='word_1_160' title='bbox 1124 1902 1323 1949; x_wconf 89' lang='lat' dir='ltr'>numine</span> <span class='ocrx_word' id='word_1_161' title='bbox 1349 1902 1497 1960; x_wconf 88' lang='lat' dir='ltr'>ducit,</span> 
     </span>
     <span class='ocr_line' id='line_1_26' title="bbox 344 1968 1643 2031; baseline 0.002 -17"><span class='ocrx_word' id='word_1_162' title='bbox 344 1981 486 2031; x_wconf 91' lang='lat' dir='ltr'>atque</span> <span class='ocrx_word' id='word_1_163' title='bbox 512 1970 629 2015; x_wconf 92' lang='lat' dir='ltr'>haec</span> <span class='ocrx_word' id='word_1_164' title='bbox 656 1968 832 2014; x_wconf 89' lang='lat' dir='ltr'>deinde</span> <span class='ocrx_word' id='word_1_165' title='bbox 859 1969 987 2015; x_wconf 90' lang='lat' dir='ltr'>canit</span> <span class='ocrx_word' id='word_1_166' title='bbox 1015 1969 1179 2015; x_wconf 88' lang='lat' dir='ltr'>divino</span> <span class='ocrx_word' id='word_1_167' title='bbox 1207 1987 1263 2016; x_wconf 83' lang='lat' dir='ltr'>ex</span> <span class='ocrx_word' id='word_1_168' title='bbox 1289 1986 1369 2016; x_wconf 93' lang='lat' dir='ltr'>ore</span> <span class='ocrx_word' id='word_1_169' title='bbox 1395 1970 1608 2016; x_wconf 89' lang='lat' dir='ltr'>sacerdos</span> <span class='ocrx_word' id='word_1_170' title='bbox 1633 1987 1643 2015; x_wconf 73' lang='grc' dir='ltr'>ε</span> 
     </span>
    </p>

    <p class='ocr_par' dir='ltr' id='par_1_4' title="bbox 343 2035 1774 2748">
     <span class='ocr_line' id='line_1_27' title="bbox 413 2035 1579 2099; baseline 0.003 -19"><span class='ocrx_word' id='word_1_171' title='bbox 413 2039 550 2080; x_wconf 92' lang='lat' dir='ltr'>‘nate</span> <span class='ocrx_word' id='word_1_172' title='bbox 576 2035 846 2082; x_wconf 90' lang='lat' dir='ltr'>dea—nam</span> <span class='ocrx_word' id='word_1_173' title='bbox 874 2048 920 2082; x_wconf 91' lang='lat' dir='ltr'>te</span> <span class='ocrx_word' id='word_1_174' title='bbox 946 2035 1201 2082; x_wconf 90' lang='lat' dir='ltr'>maioribus</span> <span class='ocrx_word' id='word_1_175' title='bbox 1227 2036 1295 2082; x_wconf 91' lang='lat' dir='ltr'>ire</span> <span class='ocrx_word' id='word_1_176' title='bbox 1320 2053 1404 2099; x_wconf 88' lang='lat' dir='ltr'>per</span> <span class='ocrx_word' id='word_1_177' title='bbox 1429 2036 1579 2083; x_wconf 89' lang='lat' dir='ltr'>altum</span> 
     </span>
     <span class='ocr_line' id='line_1_28' title="bbox 344 2101 1518 2164; baseline 0.002 -17"><span class='ocrx_word' id='word_1_178' title='bbox 344 2101 565 2164; x_wconf 89' lang='lat' dir='ltr'>auspiciis</span> <span class='ocrx_word' id='word_1_179' title='bbox 589 2101 839 2148; x_wconf 88' lang='lat' dir='ltr'>manifesta</span> <span class='ocrx_word' id='word_1_180' title='bbox 866 2102 979 2148; x_wconf 86' lang='lat' dir='ltr'>fides</span> <span class='ocrx_word' id='word_1_181' title='bbox 1003 2123 1016 2160; x_wconf 92' lang='lat'>;</span> <span class='ocrx_word' id='word_1_182' title='bbox 1055 2102 1118 2148; x_wconf 89' lang='lat' dir='ltr'>sic</span> <span class='ocrx_word' id='word_1_183' title='bbox 1145 2103 1241 2148; x_wconf 90' lang='lat' dir='ltr'>fata</span> <span class='ocrx_word' id='word_1_184' title='bbox 1267 2102 1412 2149; x_wconf 91' lang='lat' dir='ltr'>deum</span> <span class='ocrx_word' id='word_1_185' title='bbox 1437 2120 1518 2149; x_wconf 85' lang='lat' dir='ltr'>rex</span> 
     </span>
     <span class='ocr_line' id='line_1_29' title="bbox 345 2168 1468 2231; baseline 0.002 -17"><span class='ocrx_word' id='word_1_186' title='bbox 345 2168 535 2214; x_wconf 90' lang='lat' dir='ltr'>sortitur</span> <span class='ocrx_word' id='word_1_187' title='bbox 558 2168 803 2231; x_wconf 86' lang='lat' dir='ltr'>volvitque</span> <span class='ocrx_word' id='word_1_188' title='bbox 829 2168 971 2226; x_wconf 90' lang='lat' dir='ltr'>vices,</span> <span class='ocrx_word' id='word_1_189' title='bbox 998 2169 1034 2215; x_wconf 88' lang='lat' dir='ltr'>is</span> <span class='ocrx_word' id='word_1_190' title='bbox 1060 2169 1258 2215; x_wconf 86' lang='lat' dir='ltr'>vertitur</span> <span class='ocrx_word' id='word_1_191' title='bbox 1284 2170 1468 2216; x_wconf 92' lang='lat' dir='ltr'>ordo-</span> 
     </span>
     <span class='ocr_line' id='line_1_30' title="bbox 343 2235 1563 2299; baseline 0.001 -19"><span class='ocrx_word' id='word_1_192' title='bbox 343 2251 496 2296; x_wconf 89' lang='lat' dir='ltr'>pauca</span> <span class='ocrx_word' id='word_1_193' title='bbox 520 2235 606 2281; x_wconf 90' lang='lat' dir='ltr'>tibi</span> <span class='ocrx_word' id='word_1_194' title='bbox 635 2252 659 2281; x_wconf 95' lang='lat' dir='ltr'>e</span> <span class='ocrx_word' id='word_1_195' title='bbox 690 2235 868 2294; x_wconf 87' lang='lat' dir='ltr'>multis,</span> <span class='ocrx_word' id='word_1_196' title='bbox 897 2253 990 2299; x_wconf 91' lang='lat' dir='ltr'>quo</span> <span class='ocrx_word' id='word_1_197' title='bbox 1017 2235 1163 2282; x_wconf 90' lang='lat' dir='ltr'>tutior</span> <span class='ocrx_word' id='word_1_198' title='bbox 1187 2236 1371 2298; x_wconf 90' lang='lat' dir='ltr'>hospita</span> <span class='ocrx_word' id='word_1_199' title='bbox 1397 2237 1563 2282; x_wconf 90' lang='lat' dir='ltr'>lustres</span> 
     </span>
     <span class='ocr_line' id='line_1_31' title="bbox 344 2302 1475 2365; baseline 0.002 -19"><span class='ocrx_word' id='word_1_200' title='bbox 344 2318 547 2363; x_wconf 91' lang='lat' dir='ltr'>aequora</span> <span class='ocrx_word' id='word_1_201' title='bbox 576 2315 622 2348; x_wconf 92' lang='lat' dir='ltr'>et</span> <span class='ocrx_word' id='word_1_202' title='bbox 646 2302 858 2349; x_wconf 89' lang='lat' dir='ltr'>Ausonio</span> <span class='ocrx_word' id='word_1_203' title='bbox 882 2302 1026 2365; x_wconf 90' lang='lat' dir='ltr'>possis</span> <span class='ocrx_word' id='word_1_204' title='bbox 1051 2302 1297 2349; x_wconf 90' lang='lat' dir='ltr'>considere</span> <span class='ocrx_word' id='word_1_205' title='bbox 1321 2315 1475 2364; x_wconf 91' lang='lat' dir='ltr'>portu,</span> 
     </span>
     <span class='ocr_line' id='line_1_32' title="bbox 346 2367 1603 2432; baseline 0 -19"><span class='ocrx_word' id='word_1_206' title='bbox 346 2367 596 2429; x_wconf 84' lang='lat' dir='ltr'>expediam</span> <span class='ocrx_word' id='word_1_207' title='bbox 623 2369 794 2426; x_wconf 88' lang='lat' dir='ltr'>dictis;</span> <span class='ocrx_word' id='word_1_208' title='bbox 829 2369 1086 2432; x_wconf 89' lang='lat' dir='ltr'>prohibent</span> <span class='ocrx_word' id='word_1_209' title='bbox 1111 2386 1222 2415; x_wconf 88' lang='lat' dir='ltr'>nam</span> <span class='ocrx_word' id='word_1_210' title='bbox 1247 2382 1403 2414; x_wconf 90' lang='lat' dir='ltr'>cetera</span> <span class='ocrx_word' id='word_1_211' title='bbox 1432 2368 1603 2414; x_wconf 91' lang='lat' dir='ltr'>Parcae</span> 
     </span>
     <span class='ocr_line' id='line_1_33' title="bbox 346 2433 1774 2497; baseline 0.001 -17"><span class='ocrx_word' id='word_1_212' title='bbox 346 2433 464 2480; x_wconf 91' lang='lat' dir='ltr'>scire</span> <span class='ocrx_word' id='word_1_213' title='bbox 491 2434 756 2493; x_wconf 91' lang='lat' dir='ltr'>Helenum,</span> <span class='ocrx_word' id='word_1_214' title='bbox 784 2435 966 2497; x_wconf 90' lang='lat' dir='ltr'>farique</span> <span class='ocrx_word' id='word_1_215' title='bbox 991 2447 1120 2481; x_wconf 87' lang='lat' dir='ltr'>vetat</span> <span class='ocrx_word' id='word_1_216' title='bbox 1148 2434 1362 2480; x_wconf 91' lang='lat' dir='ltr'>Saturnia</span> <span class='ocrx_word' id='word_1_217' title='bbox 1388 2435 1526 2481; x_wconf 89' lang='lat' dir='ltr'>Iuno.</span> <span class='ocrx_word' id='word_1_218' title='bbox 1711 2448 1774 2490; x_wconf 85' lang='lat'>380</span> 
     </span>
     <span class='ocr_line' id='line_1_34' title="bbox 345 2500 1650 2576; baseline 0.002 -30"><span class='ocrx_word' id='word_1_219' title='bbox 345 2500 584 2576; x_wconf 81' lang='lat' dir='ltr'>principio</span> <span class='ocrx_word' id='word_1_220' title='bbox 611 2501 817 2559; x_wconf 89' lang='lat' dir='ltr'>Italiam,</span> <span class='ocrx_word' id='word_1_221' title='bbox 845 2517 984 2564; x_wconf 91' lang='lat' dir='ltr'>quam</span> <span class='ocrx_word' id='word_1_222' title='bbox 1011 2513 1061 2548; x_wconf 92' lang='lat' dir='ltr'>tu</span> <span class='ocrx_word' id='word_1_223' title='bbox 1087 2500 1181 2546; x_wconf 91' lang='lat' dir='ltr'>iam</span> <span class='ocrx_word' id='word_1_224' title='bbox 1207 2517 1309 2546; x_wconf 89' lang='lat' dir='ltr'>rere</span> <span class='ocrx_word' id='word_1_225' title='bbox 1334 2500 1650 2563; x_wconf 91' lang='lat' dir='ltr'>propinquam</span> 
     </span>
     <span class='ocr_line' id='line_1_35' title="bbox 345 2566 1447 2641; baseline -0.001 -27"><span class='ocrx_word' id='word_1_226' title='bbox 345 2567 638 2631; x_wconf 87' lang='lat' dir='ltr'>vicinosque,</span> <span class='ocrx_word' id='word_1_227' title='bbox 666 2568 840 2629; x_wconf 90' lang='lat' dir='ltr'>ignare,</span> <span class='ocrx_word' id='word_1_228' title='bbox 866 2584 998 2630; x_wconf 89' lang='lat' dir='ltr'>paras</span> <span class='ocrx_word' id='word_1_229' title='bbox 1023 2566 1248 2613; x_wconf 88' lang='lat' dir='ltr'>invadere</span> <span class='ocrx_word' id='word_1_230' title='bbox 1267 2580 1447 2641; x_wconf 31' lang='lat' dir='ltr'>’3portus</span> 
     </span>
     <span class='ocr_line' id='line_1_36' title="bbox 347 2633 1480 2697; baseline -0.003 -16"><span class='ocrx_word' id='word_1_231' title='bbox 347 2634 488 2696; x_wconf 88' lang='lat' dir='ltr'>longa</span> <span class='ocrx_word' id='word_1_232' title='bbox 513 2634 679 2697; x_wconf 89' lang='lat' dir='ltr'>procul</span> <span class='ocrx_word' id='word_1_233' title='bbox 707 2633 858 2694; x_wconf 89' lang='lat' dir='ltr'>longis</span> <span class='ocrx_word' id='word_1_234' title='bbox 883 2633 958 2679; x_wconf 89' lang='lat' dir='ltr'>via</span> <span class='ocrx_word' id='word_1_235' title='bbox 983 2633 1191 2679; x_wconf 86' lang='lat' dir='ltr'>dividit</span> <span class='ocrx_word' id='word_1_236' title='bbox 1180 2633 1307 2679; x_wconf 80' lang='lat' dir='ltr'>lnvia</span> <span class='ocrx_word' id='word_1_237' title='bbox 1334 2633 1480 2680; x_wconf 89' lang='lat' dir='ltr'>terris.</span> 
     </span>
     <span class='ocr_line' id='line_1_37' title="bbox 347 2699 1495 2748; baseline -0.002 0"><span class='ocrx_word' id='word_1_238' title='bbox 347 2715 459 2748; x_wconf 90' lang='lat' dir='ltr'>ante</span> <span class='ocrx_word' id='word_1_239' title='bbox 487 2715 532 2748; x_wconf 91' lang='lat' dir='ltr'>et</span> <span class='ocrx_word' id='word_1_240' title='bbox 557 2700 809 2747; x_wconf 90' lang='lat' dir='ltr'>Trinacria</span> <span class='ocrx_word' id='word_1_241' title='bbox 834 2700 1088 2747; x_wconf 91' lang='lat' dir='ltr'>lentandus</span> <span class='ocrx_word' id='word_1_242' title='bbox 1114 2699 1304 2746; x_wconf 91' lang='lat' dir='ltr'>remus</span> <span class='ocrx_word' id='word_1_243' title='bbox 1293 2717 1342 2746; x_wconf 91' lang='lat' dir='ltr'>1n</span> <span class='ocrx_word' id='word_1_244' title='bbox 1369 2700 1495 2747; x_wconf 92' lang='lat' dir='ltr'>unda</span> 
     </span>
    </p>

    <p class='ocr_par' dir='ltr' id='par_1_5' title="bbox 910 2777 1151 2826">
     <span class='ocr_line' id='line_1_38' title="bbox 910 2777 1151 2826; baseline -0.004 -11"><span class='ocrx_word' id='word_1_245' title='bbox 910 2777 984 2826; x_wconf 87' lang='lat'>362</span> <span class='ocrx_word' id='word_1_246' title='bbox 1014 2777 1151 2815; x_wconf 85' lang='lat' dir='ltr'>omnis.</span> 
     </span>
    </p>
   </div>
  </div>
 </body>
</html>
