<?xml version="1.0" encoding="UTF-8"?>
<!DOCTYPE html PUBLIC "-//W3C//DTD XHTML 1.0 Transitional//EN"
    "http://www.w3.org/TR/xhtml1/DTD/xhtml1-transitional.dtd">
<html xmlns="http://www.w3.org/1999/xhtml" xml:lang="en" lang="en">
 <head>
  <title>
</title>
<meta http-equiv="Content-Type" content="text/html;charset=utf-8" />
  <meta name='ocr-system' content='tesseract 3.04.00' />
  <meta name='ocr-capabilities' content='ocr_page ocr_carea ocr_par ocr_line ocrx_word'/>
</head>
<body>
  <div class='ocr_page' id='page_1' title='image "./operabucolicageo00virguoft_0223.png"; bbox 0 0 1861 3256; ppageno 0'>
   <div class='ocr_carea' id='block_1_1' title="bbox 526 278 1539 325">
    <p class='ocr_par' dir='ltr' id='par_1_1' title="bbox 526 278 1539 325">
     <span class='ocr_line' id='line_1_1' title="bbox 526 278 1539 325; baseline -0.005 -8"><span class='ocrx_word' id='word_1_1' title='bbox 526 279 803 318; x_wconf 78' lang='lat' dir='ltr'>AENEmos</span> <span class='ocrx_word' id='word_1_2' title='bbox 834 278 1009 318; x_wconf 80' lang='lat' dir='ltr'>L113.v</span> <span class='ocrx_word' id='word_1_3' title='bbox 1468 285 1539 325; x_wconf 84' lang='lat'>193</span> 
     </span>
    </p>
   </div>
   <div class='ocr_carea' id='block_1_2' title="bbox 106 385 1550 2794">
    <p class='ocr_par' dir='ltr' id='par_1_2' title="bbox 109 385 1450 853">
     <span class='ocr_line' id='line_1_2' title="bbox 109 385 1431 462; baseline -0.008 -21"><span class='ocrx_word' id='word_1_4' title='bbox 109 392 404 456; x_wconf 87' lang='lat' dir='ltr'>Hyrtacidae</span> <span class='ocrx_word' id='word_1_5' title='bbox 431 402 542 436; x_wconf 91' lang='lat' dir='ltr'>ante</span> <span class='ocrx_word' id='word_1_6' title='bbox 568 405 732 435; x_wconf 91' lang='lat' dir='ltr'>omnes</span> <span class='ocrx_word' id='word_1_7' title='bbox 759 388 858 434; x_wconf 81' lang='lat' dir='ltr'>exit</span> <span class='ocrx_word' id='word_1_8' title='bbox 884 389 1016 435; x_wconf 89' lang='lat' dir='ltr'>locus</span> <span class='ocrx_word' id='word_1_9' title='bbox 1043 385 1431 462; x_wconf 79' lang='lat' dir='ltr'>Hippocoontis3</span> 
     </span>
     <span class='ocr_line' id='line_1_3' title="bbox 109 453 1388 525; baseline -0.006 -18"><span class='ocrx_word' id='word_1_10' title='bbox 109 477 253 525; x_wconf 90' lang='lat' dir='ltr'>quem</span> <span class='ocrx_word' id='word_1_11' title='bbox 278 458 421 505; x_wconf 91' lang='lat' dir='ltr'>modo</span> <span class='ocrx_word' id='word_1_12' title='bbox 447 455 603 502; x_wconf 90' lang='lat' dir='ltr'>navali</span> <span class='ocrx_word' id='word_1_13' title='bbox 633 456 922 502; x_wconf 88' lang='lat' dir='ltr'>Mnestheus</span> <span class='ocrx_word' id='word_1_14' title='bbox 948 454 1210 502; x_wconf 85' lang='lat' dir='ltr'>certamine</span> <span class='ocrx_word' id='word_1_15' title='bbox 1234 453 1388 499; x_wconf 90' lang='lat' dir='ltr'>victor</span> 
     </span>
     <span class='ocr_line' id='line_1_4' title="bbox 109 520 1342 602; baseline -0.006 -28"><span class='ocrx_word' id='word_1_16' title='bbox 109 525 431 602; x_wconf 89' lang='lat' dir='ltr'>consequitur,</span> <span class='ocrx_word' id='word_1_17' title='bbox 457 522 598 569; x_wconf 91' lang='lat' dir='ltr'>viridi</span> <span class='ocrx_word' id='word_1_18' title='bbox 627 523 916 568; x_wconf 87' lang='lat' dir='ltr'>Mnestheus</span> <span class='ocrx_word' id='word_1_19' title='bbox 944 522 1161 569; x_wconf 89' lang='lat' dir='ltr'>evinctus</span> <span class='ocrx_word' id='word_1_20' title='bbox 1187 520 1250 567; x_wconf 79' lang='lat' dir='ltr'>oli</span> <span class='ocrx_word' id='word_1_21' title='bbox 1253 537 1340 566; x_wconf 91' lang='lat' dir='ltr'>va·</span> <span class='ocrx_word' id='word_1_22' title='bbox 1329 557 1342 575; x_wconf 91' lang='lat'>‚</span> 
     </span>
     <span class='ocr_line' id='line_1_5' title="bbox 109 589 1253 653; baseline -0.005 -13"><span class='ocrx_word' id='word_1_23' title='bbox 109 594 278 641; x_wconf 91' lang='lat' dir='ltr'>tertius</span> <span class='ocrx_word' id='word_1_24' title='bbox 303 589 554 653; x_wconf 84' lang='lat' dir='ltr'>Eurytion,</span> <span class='ocrx_word' id='word_1_25' title='bbox 583 602 763 647; x_wconf 90' lang='lat' dir='ltr'>tuus,o</span> <span class='ocrx_word' id='word_1_26' title='bbox 735 589 1065 647; x_wconf 83' lang='lat' dir='ltr'>oelarissime,</span> <span class='ocrx_word' id='word_1_27' title='bbox 1092 589 1253 646; x_wconf 89' lang='lat' dir='ltr'>frater,</span> 
     </span>
     <span class='ocr_line' id='line_1_6' title="bbox 111 627 1450 720; baseline -0.004 -14"><span class='ocrx_word' id='word_1_28' title='bbox 111 660 341 716; x_wconf 80' lang='lat' dir='ltr'>Pandare,</span> <span class='ocrx_word' id='word_1_29' title='bbox 367 657 449 720; x_wconf 89' lang='lat' dir='ltr'>qui</span> <span class='ocrx_word' id='word_1_30' title='bbox 477 655 774 720; x_wconf 86' lang='lat' dir='ltr'>quondam,</span> <span class='ocrx_word' id='word_1_31' title='bbox 763 673 914 702; x_wconf 84' lang='lat' dir='ltr'>iussus</span> <span class='ocrx_word' id='word_1_32' title='bbox 941 627 1240 702; x_wconf 65' lang='lat' dir='ltr'>conf’undere</span> <span class='ocrx_word' id='word_1_33' title='bbox 1267 654 1450 710; x_wconf 80' lang='lat' dir='ltr'>foedUS,</span> 
     </span>
     <span class='ocr_line' id='line_1_7' title="bbox 109 722 1206 785; baseline -0.005 -12"><span class='ocrx_word' id='word_1_34' title='bbox 109 727 158 773; x_wconf 92' lang='lat' dir='ltr'>in</span> <span class='ocrx_word' id='word_1_35' title='bbox 185 725 366 772; x_wconf 88' lang='lat' dir='ltr'>medios</span> <span class='ocrx_word' id='word_1_36' title='bbox 393 724 546 770; x_wconf 89' lang='lat' dir='ltr'>telum</span> <span class='ocrx_word' id='word_1_37' title='bbox 572 722 748 769; x_wconf 88' lang='lat' dir='ltr'>torsisti</span> <span class='ocrx_word' id='word_1_38' title='bbox 774 723 954 785; x_wconf 89' lang='lat' dir='ltr'>primus</span> <span class='ocrx_word' id='word_1_39' title='bbox 979 722 1206 769; x_wconf 89' lang='lat' dir='ltr'>Achivos.</span> 
     </span>
     <span class='ocr_line' id='line_1_8' title="bbox 109 789 1197 853; baseline -0.004 -14"><span class='ocrx_word' id='word_1_40' title='bbox 109 805 347 840; x_wconf 84' lang='lat' dir='ltr'>extremus</span> <span class='ocrx_word' id='word_1_41' title='bbox 373 792 601 853; x_wconf 84' lang='lat' dir='ltr'>galeaque</span> <span class='ocrx_word' id='word_1_42' title='bbox 628 790 722 835; x_wconf 91' lang='lat' dir='ltr'>ima</span> <span class='ocrx_word' id='word_1_43' title='bbox 749 789 962 836; x_wconf 87' lang='lat' dir='ltr'>subsedit</span> <span class='ocrx_word' id='word_1_44' title='bbox 985 790 1197 846; x_wconf 86' lang='lat' dir='ltr'>Acestes,</span> 
     </span>
    </p>

    <p class='ocr_par' dir='ltr' id='par_1_3' title="bbox 106 856 1549 1190">
     <span class='ocr_line' id='line_1_9' title="bbox 108 856 1390 920; baseline -0.003 -14"><span class='ocrx_word' id='word_1_45' title='bbox 108 876 245 906; x_wconf 90' lang='lat' dir='ltr'>ausus</span> <span class='ocrx_word' id='word_1_46' title='bbox 272 872 319 905; x_wconf 91' lang='lat' dir='ltr'>et</span> <span class='ocrx_word' id='word_1_47' title='bbox 343 858 443 920; x_wconf 88' lang='lat' dir='ltr'>ipse</span> <span class='ocrx_word' id='word_1_48' title='bbox 469 874 616 904; x_wconf 89' lang='lat' dir='ltr'>manu</span> <span class='ocrx_word' id='word_1_49' title='bbox 642 857 874 903; x_wconf 91' lang='lat' dir='ltr'>iuvenum</span> <span class='ocrx_word' id='word_1_50' title='bbox 901 869 1136 918; x_wconf 89' lang='lat' dir='ltr'>temptare</span> <span class='ocrx_word' id='word_1_51' title='bbox 1161 856 1390 902; x_wconf 89' lang='lat' dir='ltr'>laborem.</span> 
     </span>
     <span class='ocr_line' id='line_1_10' title="bbox 109 923 1549 974; baseline -0.004 -1"><span class='ocrx_word' id='word_1_52' title='bbox 109 939 212 973; x_wconf 92' lang='lat' dir='ltr'>tum</span> <span class='ocrx_word' id='word_1_53' title='bbox 235 925 405 972; x_wconf 89' lang='lat' dir='ltr'>validis</span> <span class='ocrx_word' id='word_1_54' title='bbox 431 924 577 971; x_wconf 82' lang='lat' dir='ltr'>flexos</span> <span class='ocrx_word' id='word_1_55' title='bbox 603 924 861 970; x_wconf 85' lang='lat' dir='ltr'>incurvant</span> <span class='ocrx_word' id='word_1_56' title='bbox 886 923 1066 969; x_wconf 89' lang='lat' dir='ltr'>viribus</span> <span class='ocrx_word' id='word_1_57' title='bbox 1093 939 1226 969; x_wconf 90' lang='lat' dir='ltr'>arcus</span> <span class='ocrx_word' id='word_1_58' title='bbox 1487 944 1549 974; x_wconf 85' lang='lat'>500</span> 
     </span>
     <span class='ocr_line' id='line_1_11' title="bbox 106 988 1412 1068; baseline -0.005 -28"><span class='ocrx_word' id='word_1_59' title='bbox 106 1011 192 1068; x_wconf 81' lang='lat' dir='ltr'>pro</span> <span class='ocrx_word' id='word_1_60' title='bbox 219 1010 266 1039; x_wconf 93' lang='lat' dir='ltr'>se</span> <span class='ocrx_word' id='word_1_61' title='bbox 292 992 493 1055; x_wconf 90' lang='lat' dir='ltr'>quisque</span> <span class='ocrx_word' id='word_1_62' title='bbox 519 991 622 1049; x_wconf 89' lang='lat' dir='ltr'>viri,</span> <span class='ocrx_word' id='word_1_63' title='bbox 651 1003 698 1037; x_wconf 88' lang='lat' dir='ltr'>et</span> <span class='ocrx_word' id='word_1_64' title='bbox 724 991 1016 1053; x_wconf 90' lang='lat' dir='ltr'>depromunt</span> <span class='ocrx_word' id='word_1_65' title='bbox 1042 990 1137 1036; x_wconf 89' lang='lat' dir='ltr'>tela</span> <span class='ocrx_word' id='word_1_66' title='bbox 1162 988 1412 1052; x_wconf 88' lang='lat' dir='ltr'>pharetris.</span> 
     </span>
     <span class='ocr_line' id='line_1_12' title="bbox 106 1056 1309 1124; baseline -0.003 -18"><span class='ocrx_word' id='word_1_67' title='bbox 106 1060 356 1124; x_wconf 91' lang='lat' dir='ltr'>primaque</span> <span class='ocrx_word' id='word_1_68' title='bbox 380 1076 467 1122; x_wconf 93' lang='lat' dir='ltr'>per</span> <span class='ocrx_word' id='word_1_69' title='bbox 493 1058 681 1105; x_wconf 88' lang='lat' dir='ltr'>caelum</span> <span class='ocrx_word' id='word_1_70' title='bbox 709 1075 855 1104; x_wconf 91' lang='lat' dir='ltr'>nervo</span> <span class='ocrx_word' id='word_1_71' title='bbox 882 1057 1114 1104; x_wconf 91' lang='lat' dir='ltr'>stridente</span> <span class='ocrx_word' id='word_1_72' title='bbox 1142 1056 1309 1117; x_wconf 88' lang='lat' dir='ltr'>sagitta</span> 
     </span>
     <span class='ocr_line' id='line_1_13' title="bbox 110 1124 1347 1190; baseline -0.005 -16"><span class='ocrx_word' id='word_1_73' title='bbox 110 1126 444 1190; x_wconf 86' lang='lat' dir='ltr'>Hyrtacidae</span> <span class='ocrx_word' id='word_1_74' title='bbox 432 1125 617 1172; x_wconf 84' lang='lat' dir='ltr'>iuvenis</span> <span class='ocrx_word' id='word_1_75' title='bbox 643 1125 861 1172; x_wconf 91' lang='lat' dir='ltr'>volucres</span> <span class='ocrx_word' id='word_1_76' title='bbox 888 1124 1158 1171; x_wconf 79' lang='lat' dir='ltr'>diverberat</span> <span class='ocrx_word' id='word_1_77' title='bbox 1182 1140 1345 1169; x_wconf 88' lang='lat' dir='ltr'>auras·</span> <span class='ocrx_word' id='word_1_78' title='bbox 1333 1159 1347 1178; x_wconf 89' lang='lat'>‚</span> 
     </span>
    </p>

    <p class='ocr_par' dir='ltr' id='par_1_4' title="bbox 108 1190 1278 1322">
     <span class='ocr_line' id='line_1_14' title="bbox 109 1190 1226 1256; baseline -0.005 -15"><span class='ocrx_word' id='word_1_79' title='bbox 109 1207 157 1241; x_wconf 85' lang='lat' dir='ltr'>et</span> <span class='ocrx_word' id='word_1_80' title='bbox 180 1194 330 1251; x_wconf 89' lang='lat' dir='ltr'>venit,</span> <span class='ocrx_word' id='word_1_81' title='bbox 358 1192 637 1256; x_wconf 87' lang='lat' dir='ltr'>adversique</span> <span class='ocrx_word' id='word_1_82' title='bbox 663 1192 879 1253; x_wconf 87' lang='lat' dir='ltr'>infigitur</span> <span class='ocrx_word' id='word_1_83' title='bbox 904 1192 1068 1238; x_wconf 89' lang='lat' dir='ltr'>arbore</span> <span class='ocrx_word' id='word_1_84' title='bbox 1095 1190 1226 1237; x_wconf 90' lang='lat' dir='ltr'>mali.</span> 
     </span>
     <span class='ocr_line' id='line_1_15' title="bbox 108 1256 1278 1335; baseline -0.004 -28"><span class='ocrx_word' id='word_1_85' title='bbox 108 1260 360 1308; x_wconf 88' lang='lat' dir='ltr'>intremuit</span> <span class='ocrx_word' id='word_1_86' title='bbox 382 1261 553 1335; x_wconf 79' lang='lat' dir='ltr'>malus,</span> <span class='ocrx_word' id='word_1_87' title='bbox 580 1259 839 1322; x_wconf 89' lang='lat' dir='ltr'>timuitque</span> <span class='ocrx_word' id='word_1_88' title='bbox 868 1258 1092 1305; x_wconf 81' lang='lat' dir='ltr'>exterrita</span> <span class='ocrx_word' id='word_1_89' title='bbox 1116 1256 1278 1319; x_wconf 89' lang='lat' dir='ltr'>pinnis</span> 
     </span>
    </p>

    <p class='ocr_par' dir='ltr' id='par_1_5' title="bbox 109 1325 1195 1399">
     <span class='ocr_line' id='line_1_16' title="bbox 109 1325 1195 1399; baseline -0.005 -24"><span class='ocrx_word' id='word_1_90' title='bbox 109 1329 218 1387; x_wconf 91' lang='lat' dir='ltr'>ales,</span> <span class='ocrx_word' id='word_1_91' title='bbox 247 1340 293 1374; x_wconf 89' lang='lat' dir='ltr'>et</span> <span class='ocrx_word' id='word_1_92' title='bbox 319 1327 504 1389; x_wconf 90' lang='lat' dir='ltr'>ingenti</span> <span class='ocrx_word' id='word_1_93' title='bbox 531 1340 797 1373; x_wconf 89' lang='lat' dir='ltr'>sonuerunt</span> <span class='ocrx_word' id='word_1_94' title='bbox 822 1325 983 1372; x_wconf 90' lang='lat' dir='ltr'>omnia</span> <span class='ocrx_word' id='word_1_95' title='bbox 1008 1325 1195 1399; x_wconf 82' lang='lat' dir='ltr'>plausu.</span> 
     </span>
    </p>

    <p class='ocr_par' dir='ltr' id='par_1_6' title="bbox 107 1391 1296 1459">
     <span class='ocr_line' id='line_1_17' title="bbox 107 1391 1296 1459; baseline -0.004 -17"><span class='ocrx_word' id='word_1_96' title='bbox 107 1408 215 1459; x_wconf 86' lang='lat' dir='ltr'>post</span> <span class='ocrx_word' id='word_1_97' title='bbox 241 1412 348 1442; x_wconf 90' lang='lat' dir='ltr'>acer</span> <span class='ocrx_word' id='word_1_98' title='bbox 375 1395 663 1441; x_wconf 89' lang='lat' dir='ltr'>Mnestheus</span> <span class='ocrx_word' id='word_1_99' title='bbox 690 1393 899 1439; x_wconf 91' lang='lat' dir='ltr'>adducto</span> <span class='ocrx_word' id='word_1_100' title='bbox 925 1391 1143 1439; x_wconf 89' lang='lat' dir='ltr'>constitit</span> <span class='ocrx_word' id='word_1_101' title='bbox 1169 1407 1296 1449; x_wconf 91' lang='lat' dir='ltr'>arcu,</span> 
     </span>
    </p>

    <p class='ocr_par' dir='ltr' id='par_1_7' title="bbox 111 1456 1446 1592">
     <span class='ocr_line' id='line_1_18' title="bbox 111 1456 1446 1525; baseline -0.004 -17"><span class='ocrx_word' id='word_1_102' title='bbox 111 1462 207 1509; x_wconf 92' lang='lat' dir='ltr'>alta</span> <span class='ocrx_word' id='word_1_103' title='bbox 232 1475 416 1525; x_wconf 91' lang='lat' dir='ltr'>petens,</span> <span class='ocrx_word' id='word_1_104' title='bbox 443 1461 716 1524; x_wconf 87' lang='lat' dir='ltr'>pariterque</span> <span class='ocrx_word' id='word_1_105' title='bbox 743 1461 905 1507; x_wconf 89' lang='lat' dir='ltr'>oculos</span> <span class='ocrx_word' id='word_1_106' title='bbox 933 1459 1181 1521; x_wconf 89' lang='lat' dir='ltr'>telumque</span> <span class='ocrx_word' id='word_1_107' title='bbox 1208 1456 1446 1504; x_wconf 89' lang='lat' dir='ltr'>tetendit:</span> 
     </span>
     <span class='ocr_line' id='line_1_19' title="bbox 111 1525 1300 1592; baseline -0.003 -17"><span class='ocrx_word' id='word_1_108' title='bbox 111 1542 180 1576; x_wconf 86' lang='lat' dir='ltr'>ast</span> <span class='ocrx_word' id='word_1_109' title='bbox 206 1528 355 1592; x_wconf 91' lang='lat' dir='ltr'>ipsam</span> <span class='ocrx_word' id='word_1_110' title='bbox 382 1528 676 1574; x_wconf 84' lang='lat' dir='ltr'>miserandus</span> <span class='ocrx_word' id='word_1_111' title='bbox 706 1544 841 1573; x_wconf 89' lang='lat' dir='ltr'>avem</span> <span class='ocrx_word' id='word_1_112' title='bbox 867 1525 1147 1587; x_wconf 84' lang='lat' dir='ltr'>contingere</span> <span class='ocrx_word' id='word_1_113' title='bbox 1174 1525 1300 1572; x_wconf 89' lang='lat' dir='ltr'>ferro</span> 
     </span>
    </p>

    <p class='ocr_par' dir='ltr' id='par_1_8' title="bbox 110 1592 1550 1726">
     <span class='ocr_line' id='line_1_20' title="bbox 111 1592 1550 1655; baseline -0.003 -13"><span class='ocrx_word' id='word_1_114' title='bbox 111 1613 209 1642; x_wconf 91' lang='lat' dir='ltr'>non</span> <span class='ocrx_word' id='word_1_115' title='bbox 236 1595 418 1652; x_wconf 84' lang='lat' dir='ltr'>valuit3</span> <span class='ocrx_word' id='word_1_116' title='bbox 456 1595 605 1641; x_wconf 90' lang='lat' dir='ltr'>nodos</span> <span class='ocrx_word' id='word_1_117' title='bbox 633 1607 680 1641; x_wconf 91' lang='lat' dir='ltr'>et</span> <span class='ocrx_word' id='word_1_118' title='bbox 705 1594 900 1640; x_wconf 90' lang='lat' dir='ltr'>vincula</span> <span class='ocrx_word' id='word_1_119' title='bbox 927 1593 1054 1639; x_wconf 88' lang='lat' dir='ltr'>linea</span> <span class='ocrx_word' id='word_1_120' title='bbox 1080 1592 1226 1655; x_wconf 90' lang='lat' dir='ltr'>rupit,</span> <span class='ocrx_word' id='word_1_121' title='bbox 1489 1614 1550 1645; x_wconf 86' lang='lat'>510</span> 
     </span>
     <span class='ocr_line' id='line_1_21' title="bbox 110 1660 1271 1726; baseline -0.003 -17"><span class='ocrx_word' id='word_1_122' title='bbox 110 1663 214 1726; x_wconf 86' lang='lat' dir='ltr'>quis</span> <span class='ocrx_word' id='word_1_123' title='bbox 241 1663 418 1709; x_wconf 83' lang='lat' dir='ltr'>innexa</span> <span class='ocrx_word' id='word_1_124' title='bbox 441 1662 615 1724; x_wconf 89' lang='lat' dir='ltr'>pedem</span> <span class='ocrx_word' id='word_1_125' title='bbox 640 1661 766 1707; x_wconf 89' lang='lat' dir='ltr'>malo</span> <span class='ocrx_word' id='word_1_126' title='bbox 791 1660 1035 1723; x_wconf 89' lang='lat' dir='ltr'>pendebat</span> <span class='ocrx_word' id='word_1_127' title='bbox 1062 1660 1118 1705; x_wconf 91' lang='lat' dir='ltr'>ab</span> <span class='ocrx_word' id='word_1_128' title='bbox 1146 1660 1271 1705; x_wconf 89' lang='lat' dir='ltr'>alto:</span> 
     </span>
    </p>

    <p class='ocr_par' dir='ltr' id='par_1_9' title="bbox 110 1726 1294 1791">
     <span class='ocr_line' id='line_1_22' title="bbox 110 1726 1294 1791; baseline -0.003 -15"><span class='ocrx_word' id='word_1_129' title='bbox 110 1730 193 1776; x_wconf 89' lang='lat' dir='ltr'>illa</span> <span class='ocrx_word' id='word_1_130' title='bbox 221 1730 375 1776; x_wconf 91' lang='lat' dir='ltr'>Notos</span> <span class='ocrx_word' id='word_1_131' title='bbox 403 1742 544 1791; x_wconf 89' lang='lat' dir='ltr'>atque</span> <span class='ocrx_word' id='word_1_132' title='bbox 572 1741 670 1774; x_wconf 91' lang='lat' dir='ltr'>atra</span> <span class='ocrx_word' id='word_1_133' title='bbox 695 1727 860 1773; x_wconf 91' lang='lat' dir='ltr'>volans</span> <span class='ocrx_word' id='word_1_134' title='bbox 887 1726 937 1772; x_wconf 94' lang='lat' dir='ltr'>in</span> <span class='ocrx_word' id='word_1_135' title='bbox 965 1726 1130 1772; x_wconf 89' lang='lat' dir='ltr'>nubila</span> <span class='ocrx_word' id='word_1_136' title='bbox 1156 1726 1294 1786; x_wconf 87' lang='lat' dir='ltr'>fugit.</span> 
     </span>
    </p>

    <p class='ocr_par' dir='ltr' id='par_1_10' title="bbox 107 1795 1344 2260">
     <span class='ocr_line' id='line_1_23' title="bbox 110 1795 1341 1858; baseline -0.003 -15"><span class='ocrx_word' id='word_1_137' title='bbox 110 1810 213 1843; x_wconf 88' lang='lat' dir='ltr'>tum</span> <span class='ocrx_word' id='word_1_138' title='bbox 239 1796 446 1858; x_wconf 90' lang='lat' dir='ltr'>rapidus,</span> <span class='ocrx_word' id='word_1_139' title='bbox 473 1795 755 1841; x_wconf 89' lang='lat' dir='ltr'>iamdudum</span> <span class='ocrx_word' id='word_1_140' title='bbox 782 1811 893 1840; x_wconf 90' lang='lat' dir='ltr'>arcu</span> <span class='ocrx_word' id='word_1_141' title='bbox 921 1806 1151 1840; x_wconf 91' lang='lat' dir='ltr'>contenta</span> <span class='ocrx_word' id='word_1_142' title='bbox 1175 1807 1341 1856; x_wconf 88' lang='lat' dir='ltr'>parato</span> 
     </span>
     <span class='ocr_line' id='line_1_24' title="bbox 109 1859 1344 1923; baseline -0.003 -13"><span class='ocrx_word' id='word_1_143' title='bbox 109 1864 204 1910; x_wconf 88' lang='lat' dir='ltr'>tela</span> <span class='ocrx_word' id='word_1_144' title='bbox 229 1877 414 1921; x_wconf 90' lang='lat' dir='ltr'>tenens,</span> <span class='ocrx_word' id='word_1_145' title='bbox 441 1862 638 1908; x_wconf 90' lang='lat' dir='ltr'>fratrem</span> <span class='ocrx_word' id='word_1_146' title='bbox 665 1861 901 1923; x_wconf 85' lang='lat' dir='ltr'>Eurytion</span> <span class='ocrx_word' id='word_1_147' title='bbox 927 1860 978 1907; x_wconf 91' lang='lat' dir='ltr'>in</span> <span class='ocrx_word' id='word_1_148' title='bbox 1004 1873 1115 1906; x_wconf 88' lang='lat' dir='ltr'>vota</span> <span class='ocrx_word' id='word_1_149' title='bbox 1139 1859 1344 1918; x_wconf 88' lang='lat' dir='ltr'>vocavit,</span> 
     </span>
     <span class='ocr_line' id='line_1_25' title="bbox 109 1927 1238 1991; baseline -0.004 -14"><span class='ocrx_word' id='word_1_150' title='bbox 109 1931 202 1977; x_wconf 90' lang='lat' dir='ltr'>iam</span> <span class='ocrx_word' id='word_1_151' title='bbox 228 1947 379 1977; x_wconf 90' lang='lat' dir='ltr'>vacuo</span> <span class='ocrx_word' id='word_1_152' title='bbox 404 1930 578 1976; x_wconf 86' lang='lat' dir='ltr'>laetam</span> <span class='ocrx_word' id='word_1_153' title='bbox 605 1929 737 1976; x_wconf 90' lang='lat' dir='ltr'>caelo</span> <span class='ocrx_word' id='word_1_154' title='bbox 765 1929 1052 1991; x_wconf 86' lang='lat' dir='ltr'>speculatus,</span> <span class='ocrx_word' id='word_1_155' title='bbox 1080 1941 1127 1974; x_wconf 91' lang='lat' dir='ltr'>et</span> <span class='ocrx_word' id='word_1_156' title='bbox 1153 1927 1238 1973; x_wconf 88' lang='lat' dir='ltr'>alis</span> 
     </span>
     <span class='ocr_line' id='line_1_26' title="bbox 107 1995 1294 2060; baseline -0.003 -16"><span class='ocrx_word' id='word_1_157' title='bbox 107 1998 423 2060; x_wconf 88' lang='lat' dir='ltr'>plaudentem</span> <span class='ocrx_word' id='word_1_158' title='bbox 448 1997 581 2057; x_wconf 88' lang='lat' dir='ltr'>nigra</span> <span class='ocrx_word' id='word_1_159' title='bbox 607 1995 707 2057; x_wconf 89' lang='lat' dir='ltr'>figit</span> <span class='ocrx_word' id='word_1_160' title='bbox 734 1996 819 2042; x_wconf 88' lang='lat' dir='ltr'>sub</span> <span class='ocrx_word' id='word_1_161' title='bbox 848 1996 977 2042; x_wconf 91' lang='lat' dir='ltr'>nube</span> <span class='ocrx_word' id='word_1_162' title='bbox 1004 1995 1294 2042; x_wconf 87' lang='lat' dir='ltr'>columbam.</span> 
     </span>
     <span class='ocr_line' id='line_1_27' title="bbox 109 2061 1296 2126; baseline -0.003 -15"><span class='ocrx_word' id='word_1_163' title='bbox 109 2064 290 2111; x_wconf 88' lang='lat' dir='ltr'>decidit</span> <span class='ocrx_word' id='word_1_164' title='bbox 316 2063 563 2121; x_wconf 86' lang='lat' dir='ltr'>exanimis,</span> <span class='ocrx_word' id='word_1_165' title='bbox 590 2063 836 2126; x_wconf 89' lang='lat' dir='ltr'>vitamque</span> <span class='ocrx_word' id='word_1_166' title='bbox 863 2062 1060 2125; x_wconf 89' lang='lat' dir='ltr'>reliquit</span> <span class='ocrx_word' id='word_1_167' title='bbox 1086 2062 1136 2108; x_wconf 92' lang='lat' dir='ltr'>in</span> <span class='ocrx_word' id='word_1_168' title='bbox 1164 2061 1296 2108; x_wconf 88' lang='lat' dir='ltr'>astris</span> 
     </span>
     <span class='ocr_line' id='line_1_28' title="bbox 110 2128 1264 2206; baseline -0.003 -28"><span class='ocrx_word' id='word_1_169' title='bbox 110 2131 347 2206; x_wconf 83' lang='lat' dir='ltr'>aetheriis,</span> <span class='ocrx_word' id='word_1_170' title='bbox 374 2131 612 2194; x_wconf 81' lang='lat' dir='ltr'>fixamque</span> <span class='ocrx_word' id='word_1_171' title='bbox 638 2131 785 2176; x_wconf 89' lang='lat' dir='ltr'>refert</span> <span class='ocrx_word' id='word_1_172' title='bbox 811 2130 1004 2192; x_wconf 91' lang='lat' dir='ltr'>delapsa</span> <span class='ocrx_word' id='word_1_173' title='bbox 1030 2128 1264 2190; x_wconf 85' lang='lat' dir='ltr'>sagittam.</span> 
     </span>
     <span class='ocr_line' id='line_1_29' title="bbox 110 2197 1139 2272; baseline -0.004 -27"><span class='ocrx_word' id='word_1_174' title='bbox 110 2198 275 2245; x_wconf 84' lang='lat' dir='ltr'>amissa</span> <span class='ocrx_word' id='word_1_175' title='bbox 302 2199 426 2245; x_wconf 88' lang='lat' dir='ltr'>solus</span> <span class='ocrx_word' id='word_1_176' title='bbox 450 2198 609 2272; x_wconf 83' lang='lat' dir='ltr'>palma</span> <span class='ocrx_word' id='word_1_177' title='bbox 635 2197 888 2259; x_wconf 87' lang='lat' dir='ltr'>superabat</span> <span class='ocrx_word' id='word_1_178' title='bbox 912 2197 1139 2243; x_wconf 87' lang='lat' dir='ltr'>Acestes·</span> 
     </span>
    </p>

    <p class='ocr_par' dir='ltr' id='par_1_11' title="bbox 111 2263 1550 2594">
     <span class='ocr_line' id='line_1_30' title="bbox 111 2263 1550 2328; baseline -0.003 -16"><span class='ocrx_word' id='word_1_179' title='bbox 111 2265 191 2328; x_wconf 90' lang='lat' dir='ltr'>qui</span> <span class='ocrx_word' id='word_1_180' title='bbox 218 2278 379 2312; x_wconf 89' lang='lat' dir='ltr'>tamen</span> <span class='ocrx_word' id='word_1_181' title='bbox 406 2264 550 2311; x_wconf 85' lang='lat' dir='ltr'>ae&#39;rias</span> <span class='ocrx_word' id='word_1_182' title='bbox 578 2265 728 2310; x_wconf 87' lang='lat' dir='ltr'>telum</span> <span class='ocrx_word' id='word_1_183' title='bbox 755 2263 1045 2310; x_wconf 88' lang='lat' dir='ltr'>contendit</span> <span class='ocrx_word' id='word_1_184' title='bbox 1034 2280 1084 2309; x_wconf 92' lang='lat' dir='ltr'>1n</span> <span class='ocrx_word' id='word_1_185' title='bbox 1111 2280 1259 2320; x_wconf 90' lang='lat' dir='ltr'>auras,</span> <span class='ocrx_word' id='word_1_186' title='bbox 1489 2285 1550 2315; x_wconf 87' lang='lat'>520</span> 
     </span>
     <span class='ocr_line' id='line_1_31' title="bbox 111 2342 1365 2394; baseline -0.002 -16"><span class='ocrx_word' id='word_1_187' title='bbox 111 2345 352 2378; x_wconf 90' lang='lat' dir='ltr'>ostentans</span> <span class='ocrx_word' id='word_1_188' title='bbox 380 2345 626 2394; x_wconf 88' lang='lat' dir='ltr'>artemque</span> <span class='ocrx_word' id='word_1_189' title='bbox 651 2345 787 2394; x_wconf 86' lang='lat' dir='ltr'>pater</span> <span class='ocrx_word' id='word_1_190' title='bbox 813 2347 1071 2393; x_wconf 84' lang='lat' dir='ltr'>arcumque</span> <span class='ocrx_word' id='word_1_191' title='bbox 1098 2342 1365 2376; x_wconf 89' lang='lat' dir='ltr'>sonantem.</span> 
     </span>
     <span class='ocr_line' id='line_1_32' title="bbox 111 2397 1380 2460; baseline -0.002 -16"><span class='ocrx_word' id='word_1_192' title='bbox 111 2398 189 2445; x_wconf 92' lang='lat' dir='ltr'>hic</span> <span class='ocrx_word' id='word_1_193' title='bbox 215 2399 364 2446; x_wconf 85' lang='lat' dir='ltr'>oculis</span> <span class='ocrx_word' id='word_1_194' title='bbox 392 2398 605 2445; x_wconf 89' lang='lat' dir='ltr'>subitum</span> <span class='ocrx_word' id='word_1_195' title='bbox 630 2397 840 2444; x_wconf 90' lang='lat' dir='ltr'>obicitur</span> <span class='ocrx_word' id='word_1_196' title='bbox 865 2414 1134 2460; x_wconf 90' lang='lat' dir='ltr'>magnoque</span> <span class='ocrx_word' id='word_1_197' title='bbox 1160 2397 1380 2443; x_wconf 86' lang='lat' dir='ltr'>futurum</span> 
     </span>
     <span class='ocr_line' id='line_1_33' title="bbox 113 2463 1355 2527; baseline 0 -17"><span class='ocrx_word' id='word_1_198' title='bbox 113 2465 307 2525; x_wconf 88' lang='lat' dir='ltr'>augurio</span> <span class='ocrx_word' id='word_1_199' title='bbox 332 2479 629 2513; x_wconf 89' lang='lat' dir='ltr'>monstrum:</span> <span class='ocrx_word' id='word_1_200' title='bbox 666 2464 832 2511; x_wconf 88' lang='lat' dir='ltr'>docuit</span> <span class='ocrx_word' id='word_1_201' title='bbox 856 2478 963 2527; x_wconf 91' lang='lat' dir='ltr'>post</span> <span class='ocrx_word' id='word_1_202' title='bbox 991 2465 1145 2510; x_wconf 88' lang='lat' dir='ltr'>exitus</span> <span class='ocrx_word' id='word_1_203' title='bbox 1172 2463 1355 2525; x_wconf 87' lang='lat' dir='ltr'>ingens,</span> 
     </span>
     <span class='ocr_line' id='line_1_34' title="bbox 114 2531 1196 2594; baseline 0.001 -18"><span class='ocrx_word' id='word_1_204' title='bbox 114 2547 307 2594; x_wconf 87' lang='lat' dir='ltr'>seraque</span> <span class='ocrx_word' id='word_1_205' title='bbox 334 2532 526 2580; x_wconf 89' lang='lat' dir='ltr'>terrifici</span> <span class='ocrx_word' id='word_1_206' title='bbox 554 2532 838 2580; x_wconf 90' lang='lat' dir='ltr'>cecinerunt</span> <span class='ocrx_word' id='word_1_207' title='bbox 863 2531 1025 2578; x_wconf 90' lang='lat' dir='ltr'>omina</span> <span class='ocrx_word' id='word_1_208' title='bbox 1049 2542 1196 2578; x_wconf 92' lang='lat' dir='ltr'>vates.</span> 
     </span>
    </p>

    <p class='ocr_par' dir='ltr' id='par_1_12' title="bbox 112 2598 1435 2794">
     <span class='ocr_line' id='line_1_35' title="bbox 112 2598 1435 2662; baseline 0 -18"><span class='ocrx_word' id='word_1_209' title='bbox 112 2614 319 2660; x_wconf 90' lang='lat' dir='ltr'>namque</span> <span class='ocrx_word' id='word_1_210' title='bbox 343 2600 507 2645; x_wconf 90' lang='lat' dir='ltr'>volans</span> <span class='ocrx_word' id='word_1_211' title='bbox 534 2599 728 2662; x_wconf 91' lang='lat' dir='ltr'>liquidis</span> <span class='ocrx_word' id='word_1_212' title='bbox 754 2599 804 2646; x_wconf 92' lang='lat' dir='ltr'>in</span> <span class='ocrx_word' id='word_1_213' title='bbox 831 2598 1040 2645; x_wconf 90' lang='lat' dir='ltr'>nubibus</span> <span class='ocrx_word' id='word_1_214' title='bbox 1066 2598 1177 2644; x_wconf 88' lang='lat' dir='ltr'>arsit</span> <span class='ocrx_word' id='word_1_215' title='bbox 1202 2598 1435 2654; x_wconf 90' lang='lat' dir='ltr'>harundo,</span> 
     </span>
     <span class='ocr_line' id='line_1_36' title="bbox 113 2664 1313 2728; baseline -0.001 -18"><span class='ocrx_word' id='word_1_216' title='bbox 113 2664 410 2727; x_wconf 85' lang='lat' dir='ltr'>signavitque</span> <span class='ocrx_word' id='word_1_217' title='bbox 434 2666 560 2712; x_wconf 89' lang='lat' dir='ltr'>viam</span> <span class='ocrx_word' id='word_1_218' title='bbox 586 2665 802 2724; x_wconf 88' lang='lat' dir='ltr'>flammis,</span> <span class='ocrx_word' id='word_1_219' title='bbox 830 2679 1094 2728; x_wconf 88' lang='lat' dir='ltr'>tenuesque</span> <span class='ocrx_word' id='word_1_220' title='bbox 1120 2664 1313 2711; x_wconf 87' lang='lat' dir='ltr'>recessit</span> 
     </span>
     <span class='ocr_line' id='line_1_37' title="bbox 113 2730 1314 2794; baseline -0.002 -16"><span class='ocrx_word' id='word_1_221' title='bbox 113 2743 397 2793; x_wconf 90' lang='lat' dir='ltr'>consumpta</span> <span class='ocrx_word' id='word_1_222' title='bbox 421 2730 472 2777; x_wconf 92' lang='lat' dir='ltr'>in</span> <span class='ocrx_word' id='word_1_223' title='bbox 496 2745 693 2779; x_wconf 87' lang='lat' dir='ltr'>ventos:</span> <span class='ocrx_word' id='word_1_224' title='bbox 731 2733 863 2779; x_wconf 90' lang='lat' dir='ltr'>caelo</span> <span class='ocrx_word' id='word_1_225' title='bbox 890 2749 978 2779; x_wconf 88' lang='lat' dir='ltr'>ceu</span> <span class='ocrx_word' id='word_1_226' title='bbox 1004 2749 1141 2794; x_wconf 90' lang='lat' dir='ltr'>saepe</span> <span class='ocrx_word' id='word_1_227' title='bbox 1168 2730 1314 2777; x_wconf 81' lang='lat' dir='ltr'>refixa</span> 
     </span>
    </p>
   </div>
   <div class='ocr_carea' id='block_1_3' title="bbox 493 2808 1097 2906">
    <p class='ocr_par' dir='ltr' id='par_1_13' title="bbox 493 2808 1097 2906">
     <span class='ocr_line' id='line_1_38' title="bbox 493 2808 1097 2858; baseline 0.002 -13"><span class='ocrx_word' id='word_1_228' title='bbox 493 2818 567 2858; x_wconf 85' lang='lat'>520</span> <span class='ocrx_word' id='word_1_229' title='bbox 598 2809 794 2846; x_wconf 89' lang='lat' dir='ltr'>contorsit.</span> <span class='ocrx_word' id='word_1_230' title='bbox 855 2819 929 2858; x_wconf 80' lang='lat'>522</span> <span class='ocrx_word' id='word_1_231' title='bbox 959 2808 1097 2846; x_wconf 87' lang='lat' dir='ltr'>subito.</span> 
     </span>
     <span class='ocr_line' id='line_1_39' title="bbox 800 2876 829 2906; baseline 0 0"><span class='ocrx_word' id='word_1_232' title='bbox 800 2876 829 2906; x_wconf 94' lang='grc' dir='ltr'>Ο</span> 
     </span>
    </p>
   </div>
  </div>
 </body>
</html>
