1866 3208
532 237 806 275 AENEIDOS
836 236 940 275 LIB.
971 236 1033 273 XI
1447 248 1522 286 339

93 347 313 410 planities
337 347 494 406 ignota
518 344 653 399 iacet,
683 342 868 405 tutique
895 357 1130 405 receptus,

93 432 173 461 seu
199 414 363 460 dextra
386 413 609 473 laevaque
635 409 750 455 velis
777 427 1022 456 occurrere
1048 426 1248 472 pugnae,

93 481 188 526 sive
213 480 384 526 instare
408 477 540 537 iugis,
569 490 616 523 et
640 476 832 536 grandia
857 477 1043 522 volvere
1070 494 1190 523 saxa.

92 549 185 593 huc
211 545 391 592 iuvenis
415 557 527 590 nota
551 543 699 590 fertur
724 543 915 603 regione
941 543 1137 601 viarum,
1470 568 1531 598 530

93 613 377 674 arripuitque
403 612 564 658 locum
591 624 637 657 et
662 610 787 656 silvis
813 609 985 657 insedit
1010 610 1200 673 iniquis.

158 680 372 725 velocem
397 678 576 724 interea
601 677 777 740 superis
805 677 854 723 in
881 677 1068 724 sedibus
1096 678 1259 740 Opim,

93 762 232 793 unam
258 763 315 792 ex
339 745 598 813 virginlibus
626 744 761 791 sociis
788 761 1009 807 sacraque
1036 758 1236 801 caterva,

92 812 404 874 compellabat
430 826 476 859 et
502 813 580 858 has
606 812 758 858 tristes
785 811 986 858 Latonia
1010 828 1147 857 voces

91 897 168 927 ore
194 879 360 926 dabat:
400 879 632 940 ‘graditur
657 879 841 925 bellum
869 879 925 925 ad
951 878 1141 925 crudele
1170 878 1391 935 Camilla,

90 965 118 993 o
142 946 286 1007 virgo,
313 960 357 992 et
383 946 548 992 nostris
575 945 866 1009 nequiquam
894 945 1099 1006 cingitur
1124 945 1274 1001 armis,

90 1030 196 1060 cara
219 1013 337 1059 mihi
363 1028 470 1060 ante
497 1013 622 1061 aliaS.
694 1030 852 1075 neque
880 1013 1010 1059 enim
1037 1030 1186 1058 novus
1212 1012 1298 1058 iste
1324 1012 1506 1058 Dianae

90 1080 220 1127 venit
245 1098 384 1136 amor,
413 1081 660 1143 subitaque
687 1080 903 1126 animum
931 1080 1187 1126 dulcedine
1214 1078 1378 1125 movit.

90 1148 249 1210 pulsus
275 1147 336 1194 ob
361 1147 588 1194 invidiam
613 1165 759 1208 regno
786 1147 1002 1210 viresque
1029 1146 1248 1209 superbas

93 1215 315 1261 Priverno
341 1214 537 1278 antiqua
563 1215 791 1261 Metabus
821 1231 931 1261 cum
958 1214 1210 1260 excederet
1238 1212 1368 1270 urbe,
1478 1236 1538 1265 540

90 1282 321 1328 infantem
347 1282 532 1343 fugiens
557 1282 711 1328 media
738 1282 863 1328 inter
888 1281 1066 1343 proelia
1092 1280 1206 1326 belli

91 1349 278 1396 sustulit
304 1349 469 1395 exsilio
495 1349 735 1405 comitem,
766 1349 1021 1411 matrisque
1048 1347 1232 1394 vocavit

91 1416 287 1463 nomine
314 1416 582 1473 Casmillae,
611 1430 792 1462 mutata
818 1430 963 1478 parte,
994 1414 1267 1462 Camillam.

91 1483 190 1546 ipse
217 1483 320 1530 sinu
347 1501 456 1546 prae
482 1501 527 1530 se
553 1498 743 1546 portans
772 1483 878 1543 iuga
903 1483 1044 1543 longa
1068 1481 1260 1544 petebat

91 1551 295 1597 solorum
321 1567 606 1607 nemorum;
645 1551 737 1596 tela
766 1550 979 1612 undique
1007 1567 1139 1595 saeva
1163 1547 1460 1611 premebant,

93 1632 138 1664 et
164 1617 452 1664 circumfuso
477 1617 736 1663 volitabant
763 1617 916 1663 milite
944 1616 1126 1663 Volsci.

92 1701 219 1741 ecce,
248 1685 382 1744 fugae
409 1685 567 1730 medio
593 1684 786 1730 summis
814 1685 1078 1729 Amasenus
1105 1682 1350 1729 abundans

93 1751 337 1813 spumabat
361 1751 504 1813 ripis;
541 1764 697 1798 tantus
725 1768 768 1796 se
797 1750 1004 1796 nubibus
1030 1750 1180 1796 imber

93 1830 294 1880 ruperat.
365 1818 464 1875 ille,
489 1817 654 1864 innare
681 1835 861 1880 parans»,
891 1817 1084 1863 infantis
1111 1833 1265 1863 amore

93 1886 311 1943 tardatur,
339 1902 540 1948 caroque
565 1885 695 1931 oneri
724 1885 877 1931 timet.
951 1884 1110 1930 omnia
1136 1900 1297 1930 secum
1483 1905 1545 1935 550

91 1953 294 1999 versanti
322 1953 476 1999 subito
502 1952 580 1998 vix
606 1954 722 1998 haec
751 1952 990 1998 sententia
1015 1951 1162 1998 sedit:

93 2020 244 2066 telum
269 2019 477 2076 inmane,
505 2036 649 2066 manu
677 2020 832 2065 valida
860 2019 988 2082 quod
1013 2019 1135 2065 forte
1162 2017 1351 2078 gerebat

95 2086 309 2144 bellator,
337 2087 540 2133 solidum
566 2086 701 2132 nodis
730 2100 776 2132 et
802 2086 968 2132 robore
997 2100 1148 2142 cocto,

93 2153 206 2200 huic
232 2166 406 2212 natam,
433 2153 556 2200 libro
584 2167 630 2200 et
656 2153 856 2199 silvestri
885 2153 1051 2199 subere
1080 2153 1298 2208 clausam,

95 2220 308 2282 inplicat,
336 2234 476 2284 atque
502 2220 712 2266 habilem
740 2219 921 2266 mediae
950 2219 1252 2279 circumligat
1279 2219 1450 2273 hastae,

97 2305 237 2350 quarn
261 2287 427 2334 dextra
451 2287 634 2348 ingenti
663 2287 836 2333 librans
863 2287 928 2333 ita
955 2287 1011 2333 ad
1039 2287 1227 2332 aethera
1255 2285 1407 2331 fatur:

47 2358 79 2379 “
98 2355 237 2412 alma,
263 2354 349 2401 tibi
374 2357 515 2412 hanc,
544 2371 798 2401 nemorum
826 2353 1018 2411 cultriX,
1049 2352 1254 2399 Latonia
1279 2351 1426 2412 virgo,

98 2420 196 2482 ipse
221 2434 352 2482 pater
377 2422 609 2468 famulam
635 2439 817 2479 voveo3
856 2434 936 2467 tua
962 2421 1114 2483 prima
1139 2437 1222 2483 per
1250 2436 1380 2465 auras

101 2487 197 2533 tela
220 2501 386 2534 tenens
413 2489 613 2552 supplex
639 2490 827 2535 hostem
855 2488 991 2549 fugit.
1065 2487 1247 2550 accipe,
1278 2499 1440 2541 testor,

101 2553 226 2609 diva,
251 2567 398 2611 tuam,
425 2573 542 2618 quae
569 2573 699 2602 nunc
727 2555 882 2602 dubiis
911 2555 1232 2602 committitur
1260 2550 1426 2600 auris.''
1488 2563 1548 2603 560

103 2619 238 2674 dixit,
266 2632 314 2665 et
340 2621 545 2668 adducto
571 2635 846 2669 contortum
872 2622 1043 2668 hastile
1070 2622 1247 2668 lacerto

104 2686 337 2733 inmittit:
375 2703 571 2734 sonuere
597 2689 784 2745 undae3
821 2689 1037 2751 rapidum
1065 2705 1202 2749 super
1229 2700 1418 2732 amnem

651 2776 724 2815 527
756 2778 930 2803 recessuS.
