1866 3208
583 243 859 281 AENEIDOS
890 243 994 281 LIB.
1022 241 1086 279 IX
1510 241 1585 292 283

153 370 349 416 corpora
374 352 476 398 fusa
501 350 683 407 vident,
710 363 915 397 arrectos
943 350 1082 397 litore
1109 366 1287 408 currus,

152 420 279 466 inter
303 420 401 465 lora
425 430 643 479 rotasque
669 416 805 474 viros,
833 418 972 464 simul
1000 434 1126 464 arma
1151 417 1323 476 iacere,

152 487 263 533 vina
290 484 446 532 simul.
514 483 645 546 prior
671 483 962 545 Hyrtacides
989 485 1054 531 sic
1082 502 1163 532 ore
1189 485 1378 531 locutus
1402 502 1412 530 ε

153 553 372 614 Euryale,
399 550 676 597 audendum
703 550 867 597 dextra
890 572 904 608 ;
942 568 1072 598 nunc
1098 551 1198 614 ipsa
1223 564 1362 597 vocat
1386 568 1474 598 res.
1530 576 1591 605 320

151 622 240 666 hac
268 619 359 665 iter
385 631 470 665 est.
542 630 608 675 tu,
637 634 698 664 ne
725 635 816 680 qua
843 634 1011 664 manus
1039 636 1086 664 se
1114 618 1336 665 attollere
1362 617 1498 665 nobis

152 704 176 733 a
202 700 333 746 tergo
357 685 519 748 possit,
547 684 733 732 custodi
763 697 810 731 et
837 685 1035 731 consule
1063 686 1205 746 longe
1229 705 1242 741 ;

149 755 267 799 haec
295 769 380 813 ego
404 765 534 798 vasta
560 752 680 798 dabo
709 765 755 798 et
781 752 878 798 lato
906 765 953 798 te
981 752 1137 799 limite
1164 753 1369 799 ducam.’

149 820 214 866 sic
234 832 468 866 memorat
491 835 756 881 vocemque
776 819 956 882 premit
977 839 992 876 ;
1029 818 1169 865 simul
1199 836 1310 865 ense
1331 819 1589 881 superbum

151 887 473 933 Rhamnetem
500 886 786 947 adgreditur,
815 885 896 948 qui
924 886 1047 932 forte
1075 886 1313 948 tapetibus
1338 885 1446 932 altis

152 966 414 1000 exstructus
441 966 542 1000 toto
567 952 800 1015 proflabat
826 965 1026 1015 pectore
1051 970 1288 1011 somnum,

150 1038 231 1067 rex
257 1021 386 1067 idem
414 1033 460 1067 et
486 1020 582 1081 regi
611 1020 782 1067 Turno
808 1020 1099 1081 gratissimus
1125 1037 1269 1081 augur
1292 1040 1305 1075 ;

149 1088 231 1134 sed
256 1104 354 1134 non
380 1087 575 1148 augurio
600 1087 761 1150 potuit
788 1088 1035 1150 depellere
1060 1101 1262 1150 pestem.

151 1168 243 1201 tres
267 1154 398 1201 iuxta
425 1154 630 1201 famulos
656 1167 838 1201 temere
865 1154 993 1200 inter
1019 1155 1115 1200 tela
1141 1154 1354 1200 iacentes

148 1222 527 1285 armigerumque
554 1221 696 1268 Remi
723 1221 903 1284 premit
929 1220 1237 1284 aurigamque
1264 1221 1349 1267 sub
1375 1219 1489 1283 ipsis
1530 1244 1592 1276 330

149 1302 315 1336 nactus
343 1289 490 1352 equiS,
516 1289 742 1351 ferroque
768 1302 895 1335 secat
920 1288 1188 1351 pendentia
1212 1289 1337 1334 colla
1360 1308 1373 1345 ;

151 1370 252 1403 tum
279 1368 422 1419 caput
447 1355 535 1418 ipsi
563 1356 720 1403 aufert
746 1355 944 1402 domino
973 1368 1296 1418 truncumque
1323 1353 1558 1417 relinquit

150 1423 379 1484 sanguine
404 1422 748 1483 singultantem
772 1444 785 1480 3
824 1436 924 1469 atro
951 1423 1194 1485 tepefacta
1221 1439 1386 1468 cruore

150 1503 271 1537 terra
316 1489 501 1553 torique
545 1490 760 1537 madent.
821 1507 910 1536 nec
953 1506 1051 1536 non
1095 1489 1454 1552 Lamyrumque
1497 1488 1590 1535 La-

283 1574 512 1620 mumque

150 1637 197 1671 et
222 1623 447 1670 iuvenem
476 1625 744 1682 Serranum,
773 1624 856 1671 illa
884 1623 963 1687 qui
990 1624 1197 1687 plurima
1223 1637 1366 1670 nocte

151 1692 341 1749 luserat,
369 1691 566 1752 insignis
593 1691 732 1749 facie,
761 1691 1014 1754 multoque
1040 1690 1227 1737 iacebat

148 1758 359 1805 membra
385 1758 476 1804 deo
501 1758 654 1805 victus
678 1778 692 1814 3
729 1758 864 1815 felix,
892 1757 928 1804 si
954 1757 1175 1820 protinus
1199 1757 1340 1804 illum

148 1837 390 1888 aequasset
415 1825 548 1872 nocti
574 1825 744 1872 ludum
772 1825 822 1871 in
851 1825 1109 1888 lucemque
1138 1824 1340 1872 tulisset.

147 1892 356 1955 inpastus
383 1909 471 1939 ceu
496 1892 642 1955 plena
668 1892 745 1939 leo
771 1908 857 1956 per
882 1891 1027 1939 ovilia
1055 1892 1319 1939 turbans—

148 1960 311 2006 suadet
337 1959 467 2006 enim
492 1976 666 2006 vesana
693 1959 1200 2022 fames—manditque
1228 1958 1470 2021 trahitque
1529 1981 1590 2013 340

147 2026 294 2073 molle
317 2043 464 2101 pecus
489 2040 775 2089 mutumque
802 2039 971 2072 metu·
958 2063 973 2083 ‚
1010 2026 1174 2072 fremit
1199 2042 1279 2072 ore
1306 2038 1522 2072 cruento.

147 2110 237 2140 nec
263 2093 418 2140 minor
444 2092 638 2155 Euryali
666 2093 869 2140 caedes·
856 2113 870 2149 ;
908 2092 1132 2139 incensus
1161 2105 1208 2139 et
1233 2092 1333 2155 ipse

145 2160 363 2222 perfurit,
389 2177 442 2207 ac
467 2159 708 2207 multam
696 2177 746 2206 m
773 2159 935 2206 medio
961 2159 1064 2206 sine
1092 2158 1290 2206 nomine
1314 2159 1525 2222 plebem,

148 2227 427 2290 Fadumque
477 2227 847 2290 Herbesumque
897 2226 1024 2274 subit
1074 2227 1416 2289 Rhoetumque
1458 2226 1587 2272 Aba-

282 2311 483 2357 nmque,

146 2360 330 2422 ignaros
353 2382 367 2419 ;
404 2362 649 2408 Rhoetum
674 2361 956 2422 vigilantem
984 2374 1032 2408 et
1058 2375 1233 2408 cuncta
1260 2360 1524 2419 videntem,

149 2428 229 2474 sed
253 2444 479 2490 magnum
505 2442 725 2476 metuens
752 2445 799 2475 se
823 2441 931 2491 post
956 2441 1136 2476 cratera
1162 2428 1381 2490 tegebat3

148 2507 342 2556 pectore
368 2495 419 2543 in
446 2496 643 2543 adverso
670 2508 825 2543 totum
853 2495 929 2543 cui
958 2495 1227 2544 comminus
1256 2513 1418 2543 ensem

150 2561 367 2608 condidit
391 2562 663 2624 adsurgenti
692 2575 739 2610 et
764 2563 916 2610 multa
942 2576 1097 2610 morte
1121 2562 1319 2626 recepit.

150 2643 438 2689 purpuream
457 2629 610 2676 vomit
633 2629 720 2676 ille
745 2629 955 2677 animam
978 2642 1024 2677 et
1050 2647 1161 2677 curn
1181 2628 1412 2690 sanguine
1432 2627 1583 2674 mixta

148 2693 259 2740 vina
284 2693 430 2741 refert
454 2695 696 2753 moriens;
732 2696 811 2743 hic
838 2697 966 2742 furto
991 2696 1202 2744 fervidus
1228 2695 1390 2742 instat
1523 2718 1584 2749 350

718 2772 791 2821 348
822 2780 948 2811 nocte.
