1861 3256
531 275 809 314 AENEIDos
839 275 943 315 ΜΒ,
973 278 1014 314 v
1481 289 1551 329 195

120 405 296 436 nomen
323 385 396 434 avi
421 384 631 431 referens
660 382 887 441 Priamus,
916 397 997 430 tua
1023 383 1164 441 clara,
1193 381 1363 439 Polite,

118 454 381 520 progenies,
408 463 604 498 auctura
630 449 809 507 Italos;
847 467 991 513 quem
1018 449 1258 496 Thracius
1285 448 1404 495 albis

118 535 276 586 portat
301 535 448 582 equus
476 517 658 564 bicolor
682 516 899 574 maculis,
926 517 1123 579 vestigia
1147 516 1289 580 primi

119 589 225 636 alba
249 586 380 650 pedis
406 585 713 647 frontemque
740 596 985 629 ostentans
1013 584 1186 630 arduus
1212 583 1383 630 albam.

119 656 238 702 alter
260 654 393 714 Atys,
419 667 567 713 genus
595 650 723 697 unde
748 649 848 696 Atii
877 650 1056 697 duxere
1082 650 1261 708 Latini,

117 737 287 784 parvus
311 720 444 781 Atys,
471 734 717 781 pueroque
743 734 863 780 puer
889 717 1095 764 dilectus
1121 718 1245 764 Iulo.

119 801 357 834 extremus
383 785 632 860 formaque
659 798 771 831 ante
798 801 963 831 omnes
989 785 1192 847 pulcher
1220 783 1355 830 Iulus
1500 806 1562 836 570

120 853 318 901 Sidonio
345 866 413 899 est
438 852 657 898 invectus
686 868 825 914 equo,
852 868 998 914 quem
1026 851 1230 898 candida
1257 850 1389 898 Dido

120 937 216 968 esse
242 919 312 966 sui
339 919 535 966 dederat
559 919 918 965 monimentum
946 931 993 964 et
1018 917 1190 980 pignus
1219 917 1420 964 amoris:

118 1001 276 1034 cetera
303 985 569 1033 Trinacriis
594 985 744 1048 pubes
772 984 969 1032 senioris
994 986 1195 1032 Acestae

118 1056 270 1101 fertur
296 1054 444 1117 equis.

119 1121 368 1185 excipiunt
393 1121 562 1183 plausu
589 1119 800 1183 pavidos,
830 1119 1137 1183 gaudentque
1166 1131 1356 1166 tuentes

119 1188 441 1245 Dardanidae,
468 1201 783 1250 veterumque
813 1187 1111 1248 adgnoscunt
1138 1203 1217 1232 ora
1243 1197 1515 1248 parentum.

116 1269 376 1319 postquam³
396 1271 591 1302 omnem
617 1254 731 1301 laeti
760 1271 1033 1301 consessum
1059 1253 1321 1315 oculosque
1348 1267 1539 1299 suorum

120 1323 378 1369 lustravere
406 1322 456 1368 in
485 1321 633 1385 equis,
663 1321 851 1383 signum
878 1321 1084 1368 clamore
1109 1319 1282 1383 paratis

122 1389 350 1452 Epytides
379 1389 519 1450 longe
547 1388 681 1435 dedit
707 1388 1020 1451 insonuitque
1046 1387 1251 1448 flagella

100 1457 206 1502 ·olli
233 1456 497 1503 discurrere
524 1472 672 1518 pareS‚
701 1468 844 1518 atque
872 1454 1060 1516 agmina
1087 1453 1230 1519 ternis¹
1503 1466 1565 1505 580

121 1523 326 1570 diductis
354 1523 535 1569 solvere
564 1522 733 1580 choris,
763 1538 1016 1585 rursusque
1041 1520 1197 1568 vocati
1232 1541 1257 1617 Χ

121 1602 402 1638 convertere
427 1589 524 1636 vias
552 1589 823 1652 infestaque
851 1589 944 1635 tela
971 1588 1139 1635 tulere.

122 1658 234 1704 inde
261 1657 375 1704 alios
402 1657 575 1703 ineunt
602 1672 765 1703 cursus
793 1655 1006 1718 aliosque
1032 1671 1247 1702 recursus

120 1724 300 1771 adversi
328 1723 506 1787 spatiis,
534 1723 841 1786 alternosque
869 1721 1060 1768 orbibus
1086 1722 1221 1768 orbes

121 1791 394 1854 inpediunt,
419 1806 707 1853 pugnaeque
735 1788 869 1836 cient
895 1788 1148 1835 simulacra
1175 1788 1261 1835 sub
1288 1787 1456 1834 armis:

122 1872 170 1905 et
196 1875 325 1905 nunc
354 1871 482 1919 terga
509 1857 619 1918 fuga
647 1856 851 1914 nudant,
879 1872 1011 1902 nunc
1039 1855 1221 1919 spicula
1246 1868 1443 1902 vertunt

122 1925 315 1984 infensi,
342 1925 467 1971 facta
493 1924 671 1988 pariter
698 1941 829 1971 nunc
856 1941 974 1987 pace
1002 1923 1239 1970 feruntur.

123 2006 175 2039 ut
200 1992 442 2055 quondam
470 1991 616 2039 Creta
643 1991 796 2038 fertur
822 1991 1149 2054 Labyrinthus
1175 1990 1226 2036 in
1253 1990 1346 2036 alta

120 2059 380 2122 parietibus
407 2072 594 2105 textum
621 2058 773 2106 caecis
801 2058 907 2116 iter,
935 2057 1294 2121 ancipitemque

121 2126 253 2173 mille
279 2126 366 2172 viis
392 2125 610 2172 habuisse
637 2125 819 2183 dolum,
848 2142 941 2188 qua
967 2125 1099 2186 signa
1125 2123 1356 2187 sequendi
1506 2146 1568 2176 590

122 2193 311 2240 falleret
336 2193 650 2256 indeprensus
678 2206 725 2239 et
750 2191 1077 2238 inremeabilis
1105 2208 1260 2237 error:

122 2260 251 2306 haud
276 2260 370 2307 alio
397 2260 648 2306 Teucrum
676 2259 775 2306 nati
803 2258 1000 2320 vestigia
1027 2275 1166 2305 cursu

124 2327 396 2388 inpediunt,
425 2341 694 2390 texuntque
721 2327 854 2389 fugas
883 2339 930 2373 et
956 2325 1138 2389 proelia
1164 2325 1307 2371 ludo·
1297 2345 1310 2381 ;

125 2392 411 2455 delphinum
438 2394 630 2452 similes,
659 2394 740 2457 qui
767 2411 852 2457 per
878 2392 1027 2439 maria
1055 2392 1217 2439 umida
1244 2390 1406 2438 nando

128 2459 443 2521 Carpathium
465 2461 801 2524 Libycumque
820 2474 985 2508 secant
1005 2460 1279 2522 luduntque
1295 2476 1380 2533 per
1399 2456 1562 2504 undae.

126 2526 256 2571 hunc
283 2543 463 2574 morem
488 2545 650 2575 cursus
677 2542 820 2603 atque
847 2529 966 2575 haec
995 2527 1257 2575 certamina
1284 2525 1464 2588 primus

126 2591 374 2651 Ascanius,
400 2594 615 2669 Longam
640 2595 787 2642 muris
815 2612 925 2642 cum
953 2594 1167 2656 cingeret
1191 2593 1380 2650 Albam,

128 2658 331 2715 rettulit,
359 2672 406 2706 et
430 2661 605 2722 priscos
630 2662 797 2709 docuit
823 2663 1064 2710 celebrare
1091 2661 1304 2717 Latinos,

128 2742 222 2787 quo
248 2742 367 2787 puer
392 2725 490 2788 ipse
515 2728 674 2786 modo,
701 2746 863 2776 secum
889 2746 984 2792 quo
1012 2730 1161 2775 Tro'l'a
1186 2727 1368 2790 pubes;

332 2813 404 2853 573
436 2803 668 2843 Trinacriae.
725 2806 928 2844 Trinacrii.
990 2806 1061 2855 581
1096 2805 1276 2842 deductis.
