1861 3256
552 250 882 289 GEORGICON
914 251 1016 289 LIB.
1046 250 1111 288 111
1528 262 1578 300 73

148 360 207 406 ad
232 373 496 423 terramque
522 358 628 404 fluit
653 358 833 404 devexo
857 359 1067 420 pondere
1094 359 1268 406 cervix.

151 427 267 490 quid
292 427 422 473 labor
446 439 525 473 aut
552 425 798 471 benefacta
824 425 1024 473 iuvant?
1061 426 1177 489 quid
1201 442 1389 472 vomere
1415 439 1555 472 terras

150 494 393 540 invertisse
419 496 614 554 graves?
653 491 782 555 atqui
808 508 905 537 non
934 493 1140 539 Massica
1165 493 1340 539 Bacchi

152 577 365 617 munera,
391 577 487 606 non
513 559 607 605 illis
633 559 800 621 epulae
826 576 1031 606 nocuere
1057 573 1268 622 repostae
1293 578 1304 607 :

151 628 394 674 frondibus
421 640 466 673 et
491 627 621 673 victu
646 639 904 689 pascuntur
929 626 1157 688 simplicis
1182 627 1373 684 herbae,

151 695 321 756 pocula
340 707 457 741 sunt
481 694 634 740 fontes
661 693 829 756 liquidi
856 706 997 756 atque
1025 694 1232 740 exercita
1259 711 1395 741 cursu

151 761 363 817 flumina,
391 778 481 807 nec
508 778 694 806 somnos
720 760 959 822 abrumpit
986 777 1096 807 cura
1123 761 1346 808 salubres.
1523 784 1586 815 530

152 841 362 890 tempore
389 845 486 874 non
513 827 602 874 alio
627 827 794 874 dicunt
820 827 1087 887 regionibus
1114 827 1207 873 illis

150 895 379 957 quaesitas
406 895 464 941 ad
488 912 613 940 sacra
639 895 781 940 boves
807 894 1004 940 Iunonis
1030 907 1078 940 et
1105 894 1197 940 uris

151 962 389 1023 inparibus
416 962 579 1008 ductos
605 962 697 1008 alta
724 961 781 1007 ad
806 961 996 1007 donaria
1021 979 1194 1009 currus.

150 1045 260 1089 ergo
285 1045 419 1089 aegre
444 1029 597 1074 rastris
625 1042 797 1075 terram
822 1028 1054 1075 rimantur
1079 1042 1125 1075 et
1150 1028 1259 1092 ipsis

151 1095 388 1156 unguibus
414 1095 655 1142 infodiunt
680 1096 834 1156 fruges
859 1108 1139 1159 montesque
1164 1113 1248 1159 per
1273 1095 1390 1142 altos

151 1176 377 1209 contenta
404 1163 586 1209 cervice
614 1164 807 1209 trahunt
832 1163 1075 1209 stridentia
1099 1163 1320 1225 plaustra.

150 1247 246 1276 non
274 1230 410 1292 lupus
437 1230 628 1276 insidias
652 1230 863 1293 explorat
887 1230 1028 1276 ovilia
1052 1230 1234 1276 circum
1356 1274 1363 1278 .

151 1314 239 1343 nec
266 1297 479 1358 gregibus
506 1311 769 1343 nocturnus
794 1298 1066 1344 obambulat
1087 1317 1101 1352 3
1139 1297 1286 1343 acrior
1310 1296 1450 1343 illum

152 1381 263 1410 cura
287 1365 482 1418 domat3
520 1364 675 1410 timidi
703 1364 918 1410 dammae
945 1364 1166 1427 cervique
1192 1365 1381 1425 fugaces

150 1447 280 1477 nunc
307 1431 526 1494 interque
554 1448 691 1477 canes
719 1444 765 1477 et
792 1431 974 1477 circum
1001 1444 1125 1478 tecta
1150 1444 1390 1491 vagantur.
1524 1454 1586 1485 540

150 1498 245 1544 iam
271 1498 408 1544 maris
434 1498 639 1551 inmensi
666 1499 849 1560 prolem
876 1512 923 1545 et
947 1515 1094 1559 genus
1120 1515 1261 1544 omne
1288 1510 1538 1544 natantum

151 1564 290 1611 litore
316 1565 366 1611 in
393 1579 620 1622 extremo,
649 1582 737 1611 ceu
765 1566 988 1626 naufraga
1013 1582 1223 1626 corpora,
1249 1564 1420 1611 fluctus

150 1632 362 1694 proluit3
398 1632 616 1678 insolitae
642 1632 834 1693 fugiunt
860 1632 909 1677 in
936 1632 1134 1678 flumina
1159 1633 1355 1692 phocae.

150 1699 315 1746 interit
339 1711 387 1744 et
412 1699 761 1745 curvis'frustra
785 1699 978 1745 defensa
1002 1698 1191 1744 latebris

149 1766 309 1827 vipera
335 1778 381 1812 et
406 1765 595 1812 attoniti
623 1765 823 1829 squamis
849 1765 1140 1812 adstantibus
1165 1765 1318 1827 hydri.

150 1832 261 1895 ipsis
289 1845 357 1879 est
382 1840 458 1879 aer
483 1832 645 1879 avibus
672 1850 770 1878 non
799 1850 990 1896 aequus,
1020 1845 1067 1879 et
1092 1833 1203 1879 illae

149 1899 431 1962 praecipites
457 1900 552 1946 alta
577 1899 724 1946 vitam
751 1900 834 1946 sub
862 1901 990 1947 nube
1015 1900 1314 1963 relinquunt.

147 1980 392 2030 praeterea
417 1967 512 2013 iam
538 1984 628 2013 nec
656 1966 829 2013 mutari
855 1967 1030 2030 pabula
1056 1968 1204 2014 refert

149 2034 483 2097 quaesitaeque
510 2047 690 2080 nocent
717 2048 836 2081 artes
859 2055 872 2091 ;
910 2052 1090 2081 cessere
1116 2033 1342 2095 magistri,

151 2100 440 2163 Phillyrides
469 2101 653 2148 Chiron
681 2101 1130 2164 Amythaoniusque
1159 2102 1453 2163 Melampus.
1523 2124 1588 2154 550

149 2168 311 2225 saevit,
339 2181 386 2214 et
412 2168 463 2214 in
490 2168 651 2214 lucem
682 2169 854 2230 Stygiis
882 2169 1047 2215 emissa
1073 2168 1280 2215 tenebris

147 2235 326 2297 pallida
354 2235 624 2297 Tisiphone
652 2236 850 2282 Morbos
877 2236 970 2296 agit
995 2249 1106 2282 ante
1133 2236 1440 2298 Metumque,

149 2302 294 2365 inque
320 2302 418 2348 dies
444 2302 636 2349 avidum
662 2320 853 2363 surgens
881 2316 1023 2365 caput
1049 2302 1188 2349 altius
1215 2303 1367 2349 effert.

149 2369 308 2416 balatu
333 2386 564 2432 pecorum
592 2382 639 2416 et
665 2370 840 2416 crebris
867 2369 1126 2430 mugitibus
1152 2386 1314 2416 amnes

151 2449 429 2499 arentesque
455 2449 624 2483 sonant
649 2437 780 2499 ripae
806 2438 1047 2500 collesque
1073 2437 1247 2499 supini.

151 2500 339 2564 iamque
365 2504 646 2551 catervatim
671 2505 750 2550 dat
775 2517 973 2565 stragem
1001 2517 1142 2567 atque
1170 2516 1359 2566 aggerat
1383 2503 1494 2566 ipsis

151 2567 199 2613 in
228 2569 418 2616 stabulis
445 2571 570 2633 turpi
597 2571 776 2634 dilapsa
803 2572 1029 2617 cadavera
1054 2571 1178 2629 tabo,

151 2634 304 2680 donec
330 2636 477 2682 humo
503 2650 661 2697 tegere
688 2655 742 2684 ac
767 2638 914 2684 foveis
941 2638 1233 2685 abscondere
1259 2638 1465 2683 discunt.

152 2718 263 2747 nam
289 2717 445 2764 neque
472 2717 568 2750 erat
593 2704 733 2750 coriis
759 2722 864 2751 usus
890 2722 980 2752 nec
1006 2705 1184 2751 viscera
1210 2704 1460 2767 quisquam

349 2789 424 2829 534
455 2779 535 2827 ipsi.
648 2791 722 2830 549
753 2794 905 2820 cessare.
1018 2791 1091 2831 555
1122 2780 1332 2818 horrentes.
