1866 3208
222 210 297 254 352
669 199 713 238 P.
742 199 977 238 VERGILI
1007 199 1266 239 MARONIS

288 323 439 355 unum
465 324 548 354 oro
572 325 582 354 :
619 305 790 353 desiste
814 322 1010 354 manum
1035 308 1335 354 committere
1360 307 1580 357 Teucris.
1670 324 1712 357 60

288 375 369 438 qui
396 387 443 421 te
469 390 676 435 cumque
702 386 898 420 manent
922 373 1011 420 isto
1036 374 1296 421 certamine
1322 391 1470 432 casus,

289 454 336 489 et
360 457 452 497 me,
481 440 666 496 Turne,
694 452 893 486 manent
913 459 928 494 ;
965 440 1104 487 simul
1130 442 1244 488 haec
1270 440 1418 487 invisa
1441 442 1710 506 relinquam

287 507 485 564 lumina,
511 522 599 552 nec
626 522 852 566 generum
876 507 1073 554 Aenean
1100 508 1284 570 captiva
1307 507 1509 556 videbo?

288 573 471 636 accepit
495 589 662 619 vocem
688 572 892 619 lacrimis
918 574 1113 621 Lavinia
1139 574 1298 621 matris

287 640 534 702 flagrantes
560 639 749 701 perfusa
775 656 932 700 genaS,
958 640 1033 687 cui
1060 641 1290 704 plurimus
1317 641 1475 701 ignem

288 706 489 753 subiecit
514 707 672 764 rubor,
700 719 747 752 et
773 707 1003 754 calefacta
1025 725 1108 770 per
1133 725 1213 754 ora
1238 708 1459 755 cucurrit.

287 773 471 820 Indum*
492 773 751 833 sanguineo
775 773 925 819 veluti
951 773 1192 820 violaverit
1218 787 1342 820 ostro

287 840 322 886 si
349 839 452 902 quis
479 839 609 896 ebur,
636 853 718 886 aut
743 839 891 886 mixta
916 840 1087 888 rubent
1114 841 1192 887 ubi
1219 841 1318 887 lilia
1342 841 1495 888 multa

288 906 389 953 alba
414 923 513 952 rosa
536 924 547 952 ε
586 906 701 952 tales
726 905 856 967 virgo
882 907 1020 954 dabat
1045 925 1125 954 ore
1152 909 1346 955 colores.

287 973 425 1019 illurn
452 973 611 1018 turbat
637 989 781 1031 amor,
809 973 1004 1036 figitque
1029 974 1077 1020 in
1102 975 1282 1036 virgine
1306 975 1466 1021 vultus
1491 992 1501 1021 ε
1673 999 1715 1030 70

287 1039 418 1086 ardet
443 1039 493 1085 in
520 1056 644 1085 arma
670 1039 815 1101 magis
841 1040 1098 1104 paucisque
1124 1042 1309 1088 adfatur
1332 1042 1554 1088 Amatam
1577 1060 1588 1088 ε

254 1112 267 1133 ‘
287 1122 365 1163 ne,
389 1123 578 1169 quaeso,
605 1123 664 1152 ne
690 1123 766 1152 me
794 1106 1015 1164 lacrimis,
1041 1125 1158 1154 neve
1183 1109 1343 1155 omine
1370 1121 1504 1154 tanto

287 1189 567 1236 prosequere
593 1172 643 1218 in
669 1173 776 1219 duri
805 1173 1062 1220 certamina
1090 1174 1259 1220 Martis
1287 1187 1498 1232 euntem,

287 1257 315 1286 o
341 1253 524 1294 mater;
561 1256 718 1302 neque
745 1240 874 1286 enirn
902 1240 1074 1286 Turno
1100 1257 1229 1287 mora
1256 1241 1402 1286 libera
1427 1240 1607 1287 mortis.

288 1306 485 1352 nuntius
512 1307 643 1361 haec,
670 1307 858 1363 Idmon,
889 1307 1091 1368 Phrygio
1117 1324 1221 1353 mea
1244 1307 1371 1353 dicta
1397 1319 1600 1369 tyranno

287 1373 416 1419 haud
439 1373 671 1435 placitura
697 1373 819 1419 refer
843 1392 853 1420 ε
894 1377 922 1399 “
939 1391 1048 1420 curn
1073 1373 1282 1436 primum
1308 1373 1510 1420 crastina
1535 1373 1668 1420 caelo

286 1439 501 1502 puniceis
527 1439 715 1486 invecta
741 1439 853 1486 rotis
878 1441 1059 1486 Aurora
1085 1440 1289 1498 rubebit,

289 1523 386 1552 non
449 1506 667 1552 Teucros
723 1519 827 1567 agat
886 1507 935 1552 in
992 1506 1534 1553 Rutulos—Teucrum
1590 1523 1716 1553 arma

422 1572 681 1636 quiescant,

289 1652 336 1686 et
363 1639 767 1687 Rutuli—nostro
793 1641 1070 1687 dirimamus
1097 1641 1324 1701 sanguine
1351 1640 1531 1687 bellum
1553 1660 1567 1696 ;

289 1706 375 1752 illo
399 1719 648 1769 quaeratur
673 1707 884 1753 coniunx
911 1708 1108 1754 Lavinia
1133 1705 1375 1769 campo.'''

356 1774 470 1818 haec
500 1773 577 1818 ubi
606 1773 733 1818 dicta
759 1773 891 1818 dedit
917 1773 1200 1836 rapidusque
1226 1774 1275 1819 in
1302 1785 1428 1820 tecta
1451 1771 1657 1829 recessit,

288 1838 439 1902 poscit
466 1855 609 1901 equos
636 1839 905 1901 gaudetque
934 1852 1070 1885 tuens
1097 1853 1204 1886 ante
1230 1857 1309 1885 ora
1334 1840 1607 1895 frementes,

292 1905 516 1952 Pilumno
542 1922 659 1967 quos
685 1906 782 1968 ipsa
809 1906 952 1952 decus
979 1906 1111 1952 dedit
1138 1906 1374 1967 Orithyia,

289 1971 370 2035 qui
397 1971 601 2018 candore
628 1971 756 2017 nives
782 1972 1033 2030 anteirent,
1060 1973 1269 2019 cursibus
1295 1989 1441 2019 auras.

290 2039 598 2085 circumstant
623 2039 812 2101 properi
839 2038 1023 2099 aurigae
1049 2039 1362 2101 manibusque
1388 2039 1625 2086 lacessunt

289 2118 480 2167 pectora
505 2105 663 2167 plausa
689 2105 811 2152 cavis
838 2118 885 2151 et
911 2106 1032 2151 colla
1059 2105 1295 2152 comantia
1320 2118 1536 2168 pectunt.

289 2172 388 2234 ipse
413 2172 586 2218 dehinc
613 2189 727 2218 auro
754 2173 1046 2235 squalentem
1072 2172 1273 2234 alboque
1299 2172 1538 2218 orichalco

290 2239 553 2284 circumdat
579 2239 772 2285 loricam
801 2238 971 2285 umeris
994 2260 1008 2295 ;
1046 2239 1183 2284 simul
1211 2251 1339 2300 aptat
1363 2238 1582 2284 habendo

291 2321 547 2367 ensemque
574 2306 880 2368 clipeumque
909 2318 954 2351 et
979 2306 1143 2351 rubrae
1170 2321 1345 2351 cornua
1371 2304 1536 2350 cristae
1559 2324 1573 2360 3

290 2387 467 2428 ensem,
495 2389 638 2434 quern
665 2373 838 2418 Dauno
864 2371 1133 2433 ignipotens
1158 2371 1273 2416 deus
1298 2371 1396 2432 ipse
1420 2369 1604 2432 parenti
1675 2394 1718 2427 90

291 2438 467 2484 fecerat
494 2450 541 2483 et
569 2438 726 2499 Stygia
752 2438 1038 2484 candentem
1065 2437 1271 2483 tinxerat
1297 2437 1437 2483 unda.

293 2504 421 2561 exin,
447 2520 566 2566 quae
592 2504 761 2550 mediis
787 2503 969 2564 ingenti
995 2503 1163 2549 adnixa
1189 2504 1412 2549 columna

291 2571 486 2617 aedibus
510 2570 735 2627 adstabat,
759 2570 960 2616 validam
984 2569 1029 2615 vi
1055 2569 1248 2632 corripit
1274 2571 1470 2626 hastam,

290 2636 478 2684 Actoris
501 2636 717 2683 Aurunci
743 2636 964 2699 spolium,
992 2649 1270 2699 quassatque
1297 2648 1599 2694 trementem,
1640 2695 1647 2702 .

773 2725 821 2765 92
852 2716 1062 2753 columnae.

1677 1721 1717 1752 80
