1861 3256
552 235 828 274 AENEIDOS
859 236 963 275 LIB.
993 236 1057 275 IV
1486 240 1557 288 167

131 354 178 388 et
202 345 368 404 procul
394 341 444 388 in
471 353 668 387 tenuem
696 357 752 385 ex
778 341 927 387 oculis
957 342 1148 388 evanuit
1174 359 1350 389 auram.

198 421 243 454 at
267 426 381 454 vero
405 409 589 454 Aeneas
616 419 807 469 aspectu
834 407 1074 456 obmutuit
1100 426 1278 467 amens,

130 488 429 537 arrectaeque
453 475 645 520 horrore
671 490 850 530 comae,
878 489 925 521 et
949 493 1040 521 vox
1068 475 1280 522 faucibus
1309 476 1473 523 haesit.
1500 492 1563 524 280

130 542 260 587 ardet
285 541 411 587 abire
436 540 545 601 fuga
571 539 830 603 dulcesque
856 539 1127 604 relinquere
1154 556 1313 600 terras,

129 607 358 654 attonitus
384 620 518 653 tanto
544 605 730 652 monitu
756 606 1054 670 imperioque
1080 609 1292 657 deorum.

128 675 236 730 heu,
264 674 377 737 quid
403 677 536 734 agat?
573 690 666 737 quo
692 690 823 720 nunc
849 673 1063 734 reginam
1089 676 1267 723 ambire
1293 677 1532 724 furentem

128 740 298 787 audeat
324 741 516 787 adfatu?
553 757 672 803 quae
697 740 850 803 prima
878 741 1068 787 exordia
1094 747 1278 789 sumat?

128 820 267 870 atque
295 807 507 854 animum
533 824 662 853 nunc
687 809 781 853 huc
809 807 1036 864 celerem,
1063 825 1190 855 nunc
1218 809 1389 857 dividit
1417 810 1551 867 illuc,

126 873 176 920 in
202 887 449 936 partesque
476 873 596 937 rapit
619 873 766 919 varias
792 890 973 937 perque
999 875 1160 921 omnia
1186 891 1354 924 versat.

124 942 242 986 haec
270 941 528 986 alternanti
554 939 712 1003 potior
737 941 978 987 sententia
1003 942 1099 988 visa
1127 956 1222 990 est:

128 1007 389 1053 Mnesthea
417 1008 784 1071 Sergestumque
810 1022 948 1054 vocat
974 1009 1245 1073 fortemque
1274 1011 1544 1058 Serestum:

126 1074 322 1120 classem
348 1087 514 1137 aptent
541 1074 672 1121 taciti
699 1074 944 1138 sociosque
971 1075 1029 1122 ad
1054 1076 1193 1122 litora
1220 1091 1422 1137 cogant;

125 1158 251 1187 arma
275 1155 460 1204 parent,
490 1156 551 1199 et,
581 1158 700 1204 quae
726 1141 865 1188 rebus
892 1142 949 1189 sit
976 1160 1114 1189 causa
1141 1144 1392 1200 novandis,
1501 1170 1563 1200 290

124 1208 456 1255 dissimulent:
494 1226 594 1254 sese
621 1208 820 1267 interea,
849 1210 1040 1272 quando
1064 1210 1245 1272 optima
1270 1210 1400 1258 Dido

125 1276 319 1333 nesciat,
354 1288 400 1321 et
426 1288 579 1322 tantos
606 1276 762 1340 rumpi
789 1293 886 1322 non
914 1290 1070 1339 speret
1097 1294 1291 1333 amores,

124 1355 470 1405 temptaturum
497 1342 664 1401 aditus,
695 1356 741 1389 et
767 1360 888 1406 quae
914 1343 1193 1390 mollissima
1217 1345 1352 1391 fandi

125 1422 353 1472 tempora,
382 1409 483 1473 quis
511 1410 649 1456 rebus
677 1410 846 1456 dexter
870 1411 1054 1457 modus.
1126 1411 1255 1458 ocius
1282 1429 1450 1459 omnes

123 1476 325 1539 imperio
352 1476 463 1523 laeti
488 1490 674 1539 parent,
702 1494 752 1523 ac
779 1476 901 1523 iussa
926 1478 1180 1524 facessunt.

191 1557 237 1590 at
262 1543 423 1604 regina
451 1543 760 1606 dolos—quis
791 1544 959 1590 fallere
984 1545 1129 1607 possit
1155 1549 1506 1593 amantem?—

122 1611 400 1673 praesensit,
426 1623 680 1674 motusque
708 1610 898 1673 excepit
920 1611 1073 1673 prima
1098 1612 1298 1669 futuros,

123 1678 283 1724 omnia
311 1691 411 1724 tuta
438 1678 628 1724 timens.
703 1676 908 1723 eadem
896 1677 1027 1740 lnpia
1053 1679 1197 1725 Fama
1222 1678 1402 1727 furenti

123 1745 298 1791 detulit
324 1745 491 1791 armari
519 1744 716 1790 classem
744 1760 1029 1818 cursumque
1054 1745 1223 1807 parari.

123 1812 269 1859 saevit
293 1811 430 1874 inops
457 1810 619 1868 animi,
647 1823 892 1885 totamque
917 1811 1113 1858 incensa
1138 1830 1224 1875 per
1249 1814 1416 1860 urbem
1498 1838 1562 1868 300

122 1879 410 1935 bacchatur3
447 1878 598 1942 qualis
626 1877 875 1924 commotis
904 1878 1058 1925 excita
1083 1879 1223 1926 sacris

122 1946 321 2007 Thyias,
350 1946 429 1992 ubi
457 1945 620 1992 audito
647 1944 896 1992 stimulant
923 1945 1161 1993 trieterica
1188 1947 1381 1994 Baccho

121 2013 261 2074 orgia,
289 2026 648 2077 nocturnusque
673 2026 812 2059 vocat
839 2013 1046 2059 clamore
1075 2013 1356 2061 Cithaeron.

121 2080 317 2127 tandem
342 2080 414 2126 his
437 2081 639 2126 Aenean
667 2079 930 2142 compellat
954 2080 1147 2126 vocibus
1174 2081 1298 2127 ultro
1323 2100 1334 2128 z

190 2147 510 2193 ‘dissimulare
539 2147 681 2194 etiam
708 2147 918 2209 sperasti,
945 2145 1141 2208 perfide,
1169 2160 1357 2194 tantum

120 2231 255 2276 posse
281 2214 429 2271 nefas,
458 2214 724 2278 tacitusque
750 2230 856 2260 mea
883 2214 1118 2260 decedere
1144 2218 1296 2261 terra?

122 2297 211 2327 nec
238 2294 284 2327 te
311 2294 470 2327 noster
496 2298 640 2338 amor,
668 2297 758 2327 nec
788 2294 834 2326 te
861 2280 969 2327 data
995 2280 1191 2328 dextera
1216 2282 1472 2345 quondam,

123 2363 211 2393 nec
237 2347 465 2394 moritura
491 2361 626 2394 tenet
653 2347 835 2394 crudeli
863 2347 1032 2394 funere
1058 2348 1220 2394 Dido?

123 2412 237 2475 quin
265 2414 405 2461 etiam
429 2414 634 2461 hiberno
660 2415 837 2461 moliris
865 2414 1017 2461 sidere
1044 2416 1258 2474 classem,

125 2492 171 2524 et
195 2480 361 2527 mediis
385 2499 606 2544 properas
631 2482 988 2545 Aquilonibus
976 2499 1045 2528 ire
1069 2500 1156 2545 per
1181 2483 1347 2541 altum,
1497 2507 1557 2537 310

124 2545 358 2593 crudelis?
393 2549 538 2610 quid?
575 2548 611 2594 si
638 2566 734 2595 non
761 2567 868 2595 arva
895 2549 1048 2595 aliena
1075 2549 1333 2613 domosque

123 2611 303 2672 ignotas
329 2627 527 2675 peteres,
556 2628 602 2662 et
628 2616 777 2662 Troia
804 2616 999 2679 antiqua
1024 2630 1257 2674 maneret,

125 2678 274 2724 Troia
299 2696 383 2741 per
407 2681 644 2728 undosum
668 2695 909 2744 peteretur
933 2682 1159 2729 classibus
1186 2685 1389 2744 aequor?

687 2770 762 2807 309
792 2759 933 2797 moliri.
