1866 3208
550 249 822 289 AENEIDOS
854 250 956 289 LIB.
985 249 1048 289 V1
1471 263 1494 288 2
1503 263 1519 288 1
1529 262 1546 289 1

119 361 314 409 tendere
339 361 428 407 iter
450 357 640 422 pinnis:
678 358 781 403 talis
808 375 902 405 sese
927 358 1101 405 halitus
1125 359 1236 406 atris
1493 383 1555 412 κο

120 428 335 475 faucibus
361 425 606 472 effundens
633 441 800 486 supera
827 426 884 471 ad
909 443 1121 473 convexa
1145 426 1353 473 ferebat:

119 495 268 557 [unde
295 495 454 539 locum
482 491 600 537 Grai
627 491 850 538 dixerunt
876 494 1070 540 nomine
1094 492 1334 555 Aornon.]

120 574 340 624 quattuor
363 559 441 605 hic
467 558 677 621 primum
703 558 941 619 nigrantes
968 574 1094 621 terga
1120 560 1345 606 iuvencos

119 626 380 684 constituit,
408 626 647 690 frontique
673 625 878 686 invergit
907 627 1018 673 vina
1044 627 1284 684 sacerdos;

119 708 166 740 et
190 710 392 740 summas
419 709 613 755 carpens
639 692 793 739 media
818 692 942 739 inter
966 711 1145 740 cornua
1168 708 1312 740 saetas

117 760 304 822 ignibus
330 759 520 822 inponit
546 759 698 817 sacris,
727 759 955 806 libamina
984 761 1149 822 prima,

117 844 232 874 voce
256 843 431 873 vocans
457 827 693 883 Hecaten,
722 827 950 889 caeloque
978 828 1229 890 Ereboque
1255 840 1517 890 potentem.

118 907 394 957 supponunt
419 894 496 940 alii
524 895 714 950 cultros,
744 894 1056 956 tepidumque
1082 911 1298 941 cruorem

118 961 390 1023 succipiunt
414 961 601 1023 pateris.
672 960 770 1022 ipse
798 960 882 1007 atri
908 961 1096 1007 velleris
1122 977 1287 1022 agnam

117 1028 301 1074 Aeneas
327 1028 462 1073 matri
491 1027 819 1074 Eumenidum
846 1044 1141 1091 magnaeque
1167 1028 1309 1074 sorori
1494 1052 1558 1080 250

120 1111 229 1141 ense
255 1094 383 1151 ferit,
408 1095 712 1158 sterilemque
740 1095 840 1152 tibi,
872 1095 1166 1157 Proserpina,
1192 1110 1402 1141 vaccam.

117 1175 219 1209 tum
246 1161 406 1223 Stygio
431 1162 528 1223 regi
556 1176 814 1208 nocturnas
841 1162 1036 1209 incohat
1061 1180 1175 1219 aras,

117 1243 164 1276 et
189 1229 334 1275 solida
360 1229 548 1291 inponit
575 1243 818 1276 taurorum
843 1230 1021 1276 viscera
1044 1229 1262 1285 flammis,

116 1295 294 1359 pingue
322 1313 459 1358 super
484 1297 645 1343 oleum
675 1297 879 1343 fundens
906 1296 1180 1344 ardentibus
1206 1296 1341 1343 extis.

118 1379 229 1409 ecce
256 1377 429 1421 autem,
457 1363 596 1426 primi
625 1364 711 1410 sub
739 1364 923 1410 lumina
949 1364 1057 1410 solis
1083 1377 1131 1410 et
1155 1377 1299 1420 ortus,

119 1430 205 1475 sub
228 1430 426 1492 pedibus
453 1430 634 1490 mugire
663 1431 834 1488 solum,
860 1445 907 1477 et
932 1431 1038 1492 iuga
1064 1444 1234 1493 coepta
1259 1430 1439 1477 moveri

119 1496 355 1552 silvarum,
381 1497 599 1560 visaeque
628 1514 768 1544 canes
797 1498 978 1544 ululare
1001 1515 1087 1560 per
1112 1498 1346 1554 umbram,

119 1563 405 1610 adventante
431 1564 531 1611 dea.
607 1565 797 1627 ‘procul
824 1582 868 1621 0,
893 1565 1058 1627 procul
1087 1578 1197 1621 este,
1223 1561 1441 1626 profani,'

120 1630 387 1677 conclamat
412 1644 552 1688 vates,
583 1635 804 1706 ‘totoque
832 1631 1036 1677 absistite
1062 1632 1203 1677 luco:

120 1711 267 1760 tuque
294 1697 463 1743 invade
489 1698 628 1754 viam,
659 1698 922 1760 vaginaque
950 1698 1076 1760 eripe
1102 1698 1314 1754 ferrum;
1496 1712 1558 1743 260

119 1781 248 1810 nunc
276 1764 444 1810 animis
470 1781 600 1826 opus,
629 1765 807 1821 Aenea,
837 1781 968 1811 nunc
994 1779 1187 1840 pectore
1214 1764 1380 1812 firmo?

118 1845 303 1878 tantum
329 1831 485 1887 effata,
510 1831 668 1877 furens
698 1845 831 1878 antro
858 1848 903 1878 se
928 1832 1111 1878 inmisit
1136 1845 1328 1894 aperto:

118 1897 199 1944 ille
225 1898 396 1944 ducem
423 1898 547 1944 haud
573 1898 750 1945 timidis
777 1898 1030 1945 vadentem
1054 1899 1262 1961 passibus
1289 1911 1472 1962 aequat.

185 1964 249 2022 di,
297 1965 468 2027 quibus
517 1965 773 2029 imperium
824 1980 892 2012 est
939 1966 1220 2024 animarum,
1265 1967 1556 2028 umbraeque

252 2032 459 2089 silente5‚

120 2112 167 2145 et
193 2099 364 2156 Chaos,
392 2114 439 2146 et
465 2100 779 2160 Phlegethon,
808 2100 912 2147 loca
938 2114 1077 2147 nocte
1103 2099 1310 2146 tacentia
1334 2099 1441 2155 late,

120 2166 178 2218 sit
203 2166 320 2211 mihi
347 2166 413 2212 fas
439 2166 597 2212 audita
622 2167 785 2230 loqui3
822 2167 880 2213 sit
905 2167 1105 2213 numine
1130 2180 1284 2212 vestro

120 2233 325 2295 pandere
350 2251 420 2280 res
445 2234 538 2279 alta
562 2248 682 2281 terra
710 2249 757 2281 et
783 2234 984 2295 caligine
1009 2251 1195 2280 mersas.

187 2299 319 2346 ibant
344 2301 528 2347 obscuri
556 2302 651 2347 sola
676 2301 761 2347 sub
788 2315 930 2347 nocte
955 2318 1037 2363 per
1062 2301 1292 2358 umbram,

121 2382 297 2428 perque
322 2368 482 2414 domos
508 2367 634 2414 Ditis
660 2385 830 2414 vacuas
858 2383 905 2414 et
929 2367 1088 2414 inania
1112 2384 1283 2428 regna:

124 2433 261 2494 quale
286 2451 367 2495 per
392 2434 624 2482 incertam
649 2436 812 2482 lunam
840 2436 924 2482 sub
952 2435 1060 2481 luce
1085 2435 1291 2496 maligna
1497 2457 1560 2488 270

123 2510 191 2543 est
215 2497 302 2544 iter
326 2499 374 2546 in
400 2501 542 2559 silvis,
569 2502 650 2548 ubi
678 2503 866 2549 caelum
892 2502 1109 2548 condidit
1133 2503 1301 2548 umbra

125 2564 352 2625 Iuppiter,
380 2582 426 2613 et
449 2569 585 2615 rebus
612 2586 706 2615 nox
732 2569 926 2616 abstulit
951 2585 1047 2616 atra
1073 2570 1297 2616 colorem.

125 2630 415 2678 vestibulum
439 2649 546 2680 ante
572 2635 727 2696 ipsum
752 2636 1011 2698 primisque
1037 2637 1087 2682 in
1114 2636 1191 2682 fau
1197 2635 1330 2682 cibus
1356 2632 1474 2681 Orci

126 2697 306 2743 Luctus
332 2711 378 2743 et
404 2699 592 2746 ultrices
617 2719 812 2763 posuere
838 2703 1014 2748 cubilia
1041 2702 1210 2757 Curae,

360 2786 433 2822 241
466 2789 586 2823 SUDCI'.
645 2788 722 2827 254
751 2791 943 2827 superque.
1003 2790 1078 2827 273
1114 2790 1256 2827 prlmlS.
