1861 3256
318 259 388 299 118
764 258 807 295 P.
838 255 1072 294 VERGILI
1102 257 1359 295 MARONIS

385 362 574 426 promisi
602 362 820 417 ultorem,
846 374 892 407 et
916 362 1066 409 verbis
1091 363 1194 409 odia
1219 380 1374 425 aspera
1399 361 1541 409 movi.

384 430 496 477 hinc
524 428 639 474 mihi
665 427 814 489 prima
838 428 948 474 mali
974 429 1098 476 labes
1124 451 1137 486 ;
1172 429 1284 476 hinc
1311 445 1492 491 semper
1518 429 1689 476 Ulixes

385 495 659 543 criminibus
685 507 858 540 terrere
885 495 1013 541 novis
1040 516 1053 552 ;
1088 497 1200 542 hinc
1227 512 1434 558 spargere
1460 512 1596 542 voces

384 562 433 609 in
458 561 651 620 vulgum
678 560 926 621 ambiguas,
955 575 1001 608 et
1026 579 1246 625 quaerere
1272 561 1483 608 conscius
1510 578 1648 608 arma.

384 644 471 674 nec
497 626 728 688 requievit
758 627 900 684 enirn,
928 628 1078 675 donec
1107 630 1368 676 Calchante
1394 627 1677 674 ministro—
1746 652 1806 674 100

384 693 463 740 sed
488 693 600 755 quid
626 709 709 753 ego
734 694 848 740 haec
875 708 1032 741 autem
1057 695 1345 758 nequiquam
1370 694 1553 755 ingrata
1577 694 1805 740 revolvo?

382 759 554 822 quidve
580 776 747 815 moror,
775 759 809 806 si
835 777 997 807 omnes
1023 778 1118 808 uno
1144 762 1305 808 ordine
1331 760 1510 807 habetis
1535 760 1760 818 Achivos,

382 826 523 888 idque
550 825 707 872 audire
734 839 799 872 sat
824 831 926 874 est?
961 827 1236 874 iamdudum
1263 827 1430 873 sumite
1456 843 1627 889 poenas
1652 847 1662 874 ε

381 894 470 938 hoc
497 893 687 938 Ithacus
712 893 843 950 velit,
869 907 915 940 et
939 911 1108 954 magno
1134 908 1403 940 mercentur
1427 893 1649 940 Atridae.'

450 971 553 1004 tum
578 976 687 1005 vero
712 959 922 1006 ardemus
948 961 1102 1007 scitari
1128 974 1174 1007 et
1200 977 1418 1024 quaerere
1446 977 1620 1016 causas,

381 1025 528 1086 ignari
556 1026 784 1072 scelerum
810 1039 1046 1073 tantorum
1072 1027 1273 1090 artisque
1301 1027 1531 1088 Pelasgae.

381 1092 679 1154 prosequitur
702 1092 926 1154 pavitans,
954 1106 999 1140 et
1024 1093 1134 1140 ficto
1159 1107 1348 1156 pectore
1375 1095 1497 1140 fatur
1521 1113 1529 1140 :

351 1165 364 1186 ‘
381 1175 515 1221 saepe
541 1159 700 1220 fugam
726 1158 878 1205 Danai
905 1160 1050 1206 Troia
1075 1161 1264 1223 cupiere
1291 1161 1455 1207 relicta

381 1225 536 1271 moliri
563 1239 608 1272 et
633 1226 774 1285 longo
799 1225 902 1272 fessi
929 1226 1165 1273 discedere
1194 1228 1319 1273 bello
1342 1247 1424 1283 ;—

382 1292 695 1355 fecissentque
723 1291 903 1338 utinam
926 1293 1141 1356 l—saepe
1168 1294 1272 1340 illos
1298 1310 1453 1355 aspera
1477 1293 1610 1355 ponti
1748 1316 1807 1339 110

381 1359 648 1405 interclusit
673 1359 870 1421 hiemps,
900 1373 945 1405 et
972 1360 1136 1406 terruit
1162 1361 1334 1406 Auster
1361 1374 1541 1406 eunteS.

380 1425 645 1488 praecipue,
673 1442 782 1472 cum
809 1426 900 1472 iam
926 1426 1002 1472 hic
1030 1426 1235 1472 trabibus
1262 1439 1510 1472 contextus
1537 1424 1717 1472 acernis

380 1505 520 1538 staret
546 1509 706 1567 equus,
735 1505 833 1538 toto
859 1506 1117 1538 sonuerunt
1143 1494 1332 1538 aethere
1359 1492 1527 1539 nimbi.

379 1559 587 1633 suspensi
614 1559 911 1633 Eurypylum
937 1559 1155 1607 scitatum
1181 1559 1371 1606 oracula
1398 1558 1575 1605 Phoebi

378 1625 644 1672 mittimus·
634 1662 646 1681 ,
682 1626 811 1688 isque
838 1626 983 1687 adytis
1008 1628 1122 1672 haec
1151 1626 1296 1673 tristia
1321 1626 1448 1672 dicta
1472 1638 1710 1688 reportat:

378 1695 589 1752 sanguine
605 1693 818 1754 placastis
844 1704 993 1738 ventos
1016 1703 1061 1738 et
1086 1695 1264 1753 virgine
1289 1709 1427 1748 caesa,

379 1774 471 1803 cum
491 1762 683 1820 primum
713 1759 876 1804 Iliacas
909 1759 1061 1804 Danai
1085 1762 1263 1804 venistis
1288 1758 1350 1804 ad
1369 1775 1496 1804 oras:

378 1828 588 1885 sanguine
612 1826 848 1887 quaerendi
871 1826 1054 1882 reditus,
1080 1828 1305 1886 animaque
1331 1825 1550 1870 litandum

379 1892 607 1951 Argolica.
677 1892 803 1952 vulgi
831 1909 948 1954 quae
975 1909 1064 1938 vox
1093 1905 1143 1938 ut
1169 1892 1299 1938 venit
1326 1892 1382 1937 ad
1407 1908 1552 1945 aures,

378 1957 641 2019 obstipuere
667 1958 827 2033 animi,
855 1959 1128 2023 gelidusque
1154 1975 1235 2019 per
1261 1958 1354 2004 ima
1380 1957 1589 2004 cucurrit
1747 1981 1807 2004 120

377 2041 474 2070 ossa
500 2038 687 2081 tremor,
713 2025 789 2071 cui
817 2025 908 2071 fata
933 2038 1112 2086 parent,
1142 2042 1283 2087 quem
1309 2039 1468 2087 poscat
1493 2024 1683 2087 Apollo.

376 2090 453 2136 hic
481 2091 670 2137 Ithacus
696 2105 851 2138 vatem
877 2108 1046 2151 magno
1075 2092 1337 2138 Calchanta
1364 2092 1571 2138 tumultu

376 2158 602 2219 protrahit
628 2158 675 2204 in
703 2158 879 2204 medios
903 2179 916 2214 3
953 2175 1071 2221 quae
1099 2158 1190 2205 sint
1217 2176 1269 2205 ea
1295 2159 1492 2205 numina
1516 2158 1693 2215 divom,

377 2223 567 2283 flagitat.
640 2239 686 2271 et
712 2224 827 2271 mihi
854 2225 945 2271 iam
973 2225 1112 2272 multi
1141 2226 1332 2272 crudele
1359 2225 1591 2272 canebant

377 2290 563 2336 artificis
590 2292 752 2347 scelus,
781 2306 827 2338 et
854 2292 982 2338 taciti
1014 2306 1211 2338 ventura
1237 2292 1472 2338 videbant.

376 2356 444 2403 bis
470 2357 637 2419 quinos
663 2358 767 2404 silet
792 2359 873 2404 ille
900 2359 1011 2414 dies,
1044 2371 1287 2422 tectusque
1313 2371 1494 2403 recusat

376 2424 570 2485 prodere
596 2440 711 2470 voce
737 2441 816 2470 sua
842 2440 1128 2499 quemquam
1156 2438 1234 2470 aut
1259 2441 1495 2486 opponere
1522 2424 1677 2472 morti.

376 2489 456 2535 vix
482 2489 686 2564 tandem,
714 2491 892 2550 magnis
920 2491 1073 2537 Ithaci
1102 2491 1385 2537 clamoribus
1411 2504 1553 2546 actus,

377 2556 634 2618 composito
658 2557 836 2619 rumpit
863 2572 1046 2613 vocem,
1073 2570 1119 2603 et
1144 2574 1219 2603 me
1245 2557 1447 2603 destinat
1473 2574 1590 2604 arae.

377 2622 617 2669 adsensere
643 2640 820 2681 omnes,
850 2637 913 2680 et,
940 2640 1056 2686 quae
1085 2623 1169 2669 sibi
1196 2624 1390 2687 quisque
1417 2624 1628 2680 timebat,
1745 2646 1805 2678 130

378 2689 516 2735 unius
541 2689 590 2736 in
616 2690 770 2736 miseri
799 2690 998 2736 exitium
1024 2707 1245 2737 conversa
1272 2691 1436 2737 tulere.

759 2777 828 2817 105
861 2780 978 2806 casus.
1040 2779 1112 2815 114
1143 2768 1357 2806 scitantem.
