1861 3256
743 268 785 305 P.
816 266 1050 305 VERGILI
1080 269 1337 307 MARONIS

363 392 575 438 erupere,
602 387 680 421 aut
705 386 757 420 ut
783 391 928 420 nervo
952 375 1170 437 pulsante
1196 376 1404 437 sagittae,

361 442 513 503 prima
539 441 667 486 leves
692 440 864 486 ineunt
889 441 924 487 si
951 443 1140 504 quando
1165 444 1345 504 proelia
1370 441 1545 490 Parthi.

429 507 531 570 quis
557 506 671 552 deus
696 507 835 563 hanc,
865 508 1050 567 Musae,
1077 508 1178 571 quis
1205 509 1338 556 nobis
1366 509 1552 555 extudit
1577 515 1758 558 artem?

361 574 489 620 unde
516 590 638 618 nova
664 572 894 634 ingressus
918 575 1169 622 hominum
1195 575 1490 637 experientia
1514 576 1675 638 cepit?

360 652 516 702 pastor
539 639 778 686 Aristaeus
803 640 988 700 fugiens
1016 642 1193 688 Pene'l'a
1220 643 1411 704 Tempe

361 705 554 763 amissis,
583 719 636 752 ut
660 706 798 765 fama,
826 707 989 769 apibus
1013 709 1271 770 morboque
1298 709 1519 770 fameque

362 772 505 817 tristis
532 772 590 817 ad
618 773 814 819 extremi
841 790 1022 820 sacrum
1047 787 1188 835 caput
1214 774 1394 820 adstitit
1418 774 1568 820 amnis

362 839 513 884 multa
540 856 758 900 querens,
786 852 927 902 atque
952 841 1041 887 hac
1067 841 1248 886 adfatus
1272 858 1390 887 voce
1416 853 1694 903 parentem:
1726 867 1788 896 320

362 917 526 962 mater,
556 906 747 966 Cyrene
772 919 936 964 mater,
962 924 1080 969 quae
1105 907 1296 967 gurgitis
1320 907 1460 954 huius

360 971 455 1017 ima
481 984 632 1029 tenes,
659 972 774 1034 quid
799 989 874 1018 me
899 973 1138 1034 praeclara
1163 974 1306 1035 stirpe
1331 974 1598 1021 deorum—

363 1038 398 1083 si
454 1038 612 1095 modo,
664 1055 807 1100 quem
861 1039 1096 1101 perhibes,
1145 1053 1278 1101 pater
1332 1053 1400 1086 est
1453 1041 1787 1102 Thymbraeus

496 1104 744 1166 Apollo—

361 1171 566 1217 invisum
594 1171 699 1217 fatis
725 1171 957 1231 genuisti?
993 1185 1071 1219 aut
1096 1190 1189 1235 quo
1215 1173 1300 1219 tibi
1328 1173 1473 1220 nostri

359 1238 521 1300 pulsus
548 1241 709 1284 amor?
745 1237 860 1300 quid
885 1255 961 1284 me
987 1240 1173 1285 caelum
1200 1257 1383 1301 sperare
1408 1240 1632 1286 iubebas?

361 1321 421 1349 en
448 1304 590 1350 etiam
617 1304 786 1350 hunc
774 1321 927 1366 1psum
952 1305 1074 1351 vitae
1099 1306 1311 1351 mortalis
1336 1307 1583 1363 honorem,

360 1387 503 1445 quern
528 1370 646 1416 mihi
673 1371 752 1416 vix
780 1371 965 1431 frugum
991 1384 1038 1417 et
1062 1372 1302 1433 pecudum
1328 1372 1540 1418 custodia
1566 1372 1729 1419 sollers

360 1437 522 1483 omnia
549 1437 801 1499 temptanti
831 1438 1092 1495 extuderat,
1120 1451 1166 1484 te
1192 1451 1340 1484 matre
1366 1438 1601 1501 relinquo.

360 1503 477 1566 quin
503 1521 583 1564 age
612 1518 657 1550 et
683 1504 780 1565 ipsa
801 1520 943 1550 manu
970 1504 1131 1550 felices
1159 1521 1270 1551 erue
1296 1505 1449 1561 silvas,

361 1571 433 1616 fer
452 1571 645 1617 stabulis
666 1571 917 1617 inimicum
937 1571 1097 1631 ignem
1118 1584 1260 1633 atque
1279 1571 1495 1618 interfice
1516 1589 1701 1629 messes,
1727 1596 1792 1626 330

361 1654 444 1683 ure
471 1651 564 1683 sata
591 1650 638 1683 et
663 1637 867 1684 validam
893 1638 943 1683 in
969 1637 1086 1684 vites
1113 1638 1280 1684 molire
1306 1638 1586 1700 bipennem,

363 1716 492 1750 tanta
518 1721 650 1750 meae
677 1704 712 1749 si
740 1717 786 1750 te
813 1717 1042 1766 ceperunt
1068 1704 1222 1750 taedia
1247 1705 1432 1751 laudis.'

429 1783 475 1816 at
499 1783 649 1816 mater
674 1771 883 1816 sonitum
910 1771 1117 1816 thalamo
1144 1771 1227 1816 sub
1253 1770 1462 1817 fluminis
1487 1772 1570 1817 alti

362 1837 519 1884 sensit.
591 1854 695 1883 earn
721 1837 901 1883 circum
928 1837 1120 1883 Milesia
1144 1838 1321 1883 vellera
1347 1837 1605 1899 Nymphae

361 1904 616 1966 carpebant
641 1903 768 1964 hyali
796 1917 950 1950 saturo
975 1904 1131 1950 fucata
1157 1904 1330 1961 colore,

361 1971 641 2044 Drymoque
668 1971 958 2033 Xanthoque
985 1970 1224 2032 Ligeaque
1253 1970 1661 2032 Phyllodoceque,

362 2037 613 2083 caesariem
642 2037 813 2083 effusae
840 2037 1041 2083 nitidam
1067 2053 1149 2098 per
1174 2036 1376 2083 candida
1403 2037 1543 2094 colla,

363 2103 574 2164 [Nesaee
601 2103 810 2165 Spioque
837 2103 1110 2165 Thaliaque
1139 2102 1553 2165 Cymodoceque,]

364 2170 679 2232 Cydippeque
708 2183 753 2215 et
780 2169 898 2215 flava
925 2169 1163 2231 Lycorias,
1190 2170 1336 2215 altera
1360 2169 1505 2229 virgo,

362 2237 507 2282 altera
535 2250 635 2282 turn
661 2236 836 2298 primos
862 2236 1074 2283 Lucinae
1102 2249 1295 2298 experta
1321 2236 1515 2292 labores,
1728 2259 1790 2290 340

364 2303 570 2365 Clioque
598 2316 643 2349 et
672 2303 820 2349 Beroe
849 2321 990 2360 soror,
1019 2302 1326 2349 Oceanitides
1352 2302 1531 2357 ambae,

362 2369 527 2415 ambae
553 2387 681 2426 auro,
708 2369 844 2430 pictis
871 2370 1111 2415 incinctae
1135 2369 1341 2430 pellibus
1367 2368 1546 2425 ambae,

362 2448 503 2498 atque
529 2436 717 2497 Ephyre
743 2449 883 2498 atque
910 2436 1028 2496 Opis
1055 2447 1100 2480 et
1125 2434 1236 2480 Asia
1261 2435 1475 2495 Deiopea

364 2515 410 2548 et
437 2501 630 2548 tandem
655 2502 817 2563 positis
843 2502 981 2547 velox
1005 2502 1238 2547 Arethusa
1264 2500 1452 2561 sagittis.

362 2569 488 2615 inter
513 2586 624 2630 quas
651 2584 811 2614 curam
839 2568 1078 2629 Clymene
1104 2567 1321 2613 narrabat
1346 2567 1537 2613 inanem

361 2635 586 2692 Vulcani,
615 2634 880 2696 Martisque
906 2634 1038 2679 dolos
1065 2646 1111 2681 et
1135 2633 1293 2680 dulcia
1318 2634 1454 2690 furta,

363 2719 484 2764 aque
512 2701 647 2748 Chao
672 2700 838 2746 densos
864 2700 1022 2746 divom
1049 2700 1327 2746 numerabat
1353 2716 1548 2747 amores-

714 2789 787 2827 327
819 2790 1006 2828 pecorum.
1120 2788 1191 2826 331
1226 2777 1371 2815 duram.
