<?xml version="1.0" encoding="UTF-8"?>
<!DOCTYPE html PUBLIC "-//W3C//DTD XHTML 1.0 Transitional//EN"
    "http://www.w3.org/TR/xhtml1/DTD/xhtml1-transitional.dtd">
<html xmlns="http://www.w3.org/1999/xhtml" xml:lang="en" lang="en">
 <head>
  <title>
</title>
<meta http-equiv="Content-Type" content="text/html;charset=utf-8" />
  <meta name='ocr-system' content='tesseract 3.04.00' />
  <meta name='ocr-capabilities' content='ocr_page ocr_carea ocr_par ocr_line ocrx_word'/>
</head>
<body>
  <div class='ocr_page' id='page_1' title='image "./operabucolicageo00virguoft_0094.png"; bbox 0 0 1861 3256; ppageno 0'>
   <div class='ocr_carea' id='block_1_1' title="bbox 281 257 330 294">
    <p class='ocr_par' dir='ltr' id='par_1_1' title="bbox 281 257 330 294">
     <span class='ocr_line' id='line_1_1' title="bbox 281 257 330 294; baseline 0 0"><span class='ocrx_word' id='word_1_1' title='bbox 281 257 330 294; x_wconf 92' lang='lat'>66</span> 
     </span>
    </p>
   </div>
   <div class='ocr_carea' id='block_1_2' title="bbox 724 255 1319 310">
    <p class='ocr_par' dir='ltr' id='par_1_2' title="bbox 724 255 1319 310">
     <span class='ocr_line' id='line_1_2' title="bbox 724 255 1319 310; baseline 0.002 -17"><span class='ocrx_word' id='word_1_2' title='bbox 724 255 767 294; x_wconf 78' lang='grc' dir='ltr'>Ρ.</span> <span class='ocrx_word' id='word_1_3' title='bbox 789 255 1032 310; x_wconf 66' lang='lat' dir='ltr'>¹VERGm</span> <span class='ocrx_word' id='word_1_4' title='bbox 1062 255 1319 294; x_wconf 85' lang='lat' dir='ltr'>MARONIS</span> 
     </span>
    </p>
   </div>
   <div class='ocr_carea' id='block_1_3' title="bbox 338 362 1777 2814">
    <p class='ocr_par' dir='ltr' id='par_1_3' title="bbox 338 362 1773 889">
     <span class='ocr_line' id='line_1_3' title="bbox 345 362 1463 426; baseline 0.001 -18"><span class='ocrx_word' id='word_1_5' title='bbox 345 379 453 410; x_wconf 87' lang='lat' dir='ltr'>saxa</span> <span class='ocrx_word' id='word_1_6' title='bbox 477 380 561 426; x_wconf 89' lang='lat' dir='ltr'>per</span> <span class='ocrx_word' id='word_1_7' title='bbox 586 376 632 409; x_wconf 91' lang='lat' dir='ltr'>et</span> <span class='ocrx_word' id='word_1_8' title='bbox 656 362 870 424; x_wconf 88' lang='lat' dir='ltr'>scopulos</span> <span class='ocrx_word' id='word_1_9' title='bbox 895 373 942 408; x_wconf 90' lang='lat' dir='ltr'>et</span> <span class='ocrx_word' id='word_1_10' title='bbox 965 362 1198 424; x_wconf 88' lang='lat' dir='ltr'>depressas</span> <span class='ocrx_word' id='word_1_11' title='bbox 1225 363 1463 409; x_wconf 87' lang='lat' dir='ltr'>convalles</span> 
     </span>
     <span class='ocr_line' id='line_1_4' title="bbox 344 428 1645 491; baseline 0.001 -16"><span class='ocrx_word' id='word_1_12' title='bbox 344 429 616 489; x_wconf 88' lang='lat' dir='ltr'>diffugiunt,</span> <span class='ocrx_word' id='word_1_13' title='bbox 644 445 756 485; x_wconf 91' lang='lat' dir='ltr'>non,</span> <span class='ocrx_word' id='word_1_14' title='bbox 785 428 924 486; x_wconf 92' lang='lat' dir='ltr'>Eure,</span> <span class='ocrx_word' id='word_1_15' title='bbox 952 441 1069 486; x_wconf 90' lang='lat' dir='ltr'>tuos,</span> <span class='ocrx_word' id='word_1_16' title='bbox 1096 446 1250 491; x_wconf 91' lang='lat' dir='ltr'>neque</span> <span class='ocrx_word' id='word_1_17' title='bbox 1279 429 1397 475; x_wconf 89' lang='lat' dir='ltr'>Solis</span> <span class='ocrx_word' id='word_1_18' title='bbox 1423 429 1480 475; x_wconf 90' lang='lat' dir='ltr'>ad</span> <span class='ocrx_word' id='word_1_19' title='bbox 1505 443 1645 489; x_wconf 89' lang='lat' dir='ltr'>ortus,</span> 
     </span>
     <span class='ocr_line' id='line_1_5' title="bbox 342 494 1714 557; baseline 0.001 -16"><span class='ocrx_word' id='word_1_20' title='bbox 342 495 391 541; x_wconf 91' lang='lat' dir='ltr'>in</span> <span class='ocrx_word' id='word_1_21' title='bbox 421 496 606 541; x_wconf 87' lang='lat' dir='ltr'>Borean</span> <span class='ocrx_word' id='word_1_22' title='bbox 635 494 957 557; x_wconf 90' lang='lat' dir='ltr'>Caurumque‚</span> <span class='ocrx_word' id='word_1_23' title='bbox 983 508 1060 542; x_wconf 92' lang='lat' dir='ltr'>aut</span> <span class='ocrx_word' id='word_1_24' title='bbox 1086 496 1212 542; x_wconf 92' lang='lat' dir='ltr'>unde</span> <span class='ocrx_word' id='word_1_25' title='bbox 1238 495 1516 556; x_wconf 84' lang='lat' dir='ltr'>nigerrimus</span> <span class='ocrx_word' id='word_1_26' title='bbox 1541 497 1714 543; x_wconf 86' lang='lat' dir='ltr'>Auster</span> 
     </span>
     <span class='ocr_line' id='line_1_6' title="bbox 342 560 1504 622; baseline 0 -15"><span class='ocrx_word' id='word_1_27' title='bbox 342 561 550 607; x_wconf 87' lang='lat' dir='ltr'>nascitur</span> <span class='ocrx_word' id='word_1_28' title='bbox 576 572 623 606; x_wconf 91' lang='lat' dir='ltr'>et</span> <span class='ocrx_word' id='word_1_29' title='bbox 647 560 812 622; x_wconf 88' lang='lat' dir='ltr'>pluvio</span> <span class='ocrx_word' id='word_1_30' title='bbox 839 561 1083 608; x_wconf 89' lang='lat' dir='ltr'>contristat</span> <span class='ocrx_word' id='word_1_31' title='bbox 1107 562 1278 622; x_wconf 88' lang='lat' dir='ltr'>frigore</span> <span class='ocrx_word' id='word_1_32' title='bbox 1304 562 1504 608; x_wconf 90' lang='lat' dir='ltr'>caelum.</span> 
     </span>
     <span class='ocr_line' id='line_1_7' title="bbox 339 626 1773 690; baseline 0.003 -18"><span class='ocrx_word' id='word_1_33' title='bbox 339 627 417 672; x_wconf 92' lang='lat' dir='ltr'>hic</span> <span class='ocrx_word' id='word_1_34' title='bbox 444 626 654 683; x_wconf 87' lang='lat' dir='ltr'>demum,</span> <span class='ocrx_word' id='word_1_35' title='bbox 681 626 987 688; x_wconf 88' lang='lat' dir='ltr'>hippomanes</span> <span class='ocrx_word' id='word_1_36' title='bbox 1012 645 1124 674; x_wconf 92' lang='lat' dir='ltr'>vero</span> <span class='ocrx_word' id='word_1_37' title='bbox 1149 628 1274 690; x_wconf 91' lang='lat' dir='ltr'>quod</span> <span class='ocrx_word' id='word_1_38' title='bbox 1300 628 1493 674; x_wconf 89' lang='lat' dir='ltr'>nomine</span> <span class='ocrx_word' id='word_1_39' title='bbox 1518 628 1686 676; x_wconf 92' lang='lat' dir='ltr'>dicunt</span> <span class='ocrx_word' id='word_1_40' title='bbox 1710 645 1773 676; x_wconf 89' lang='lat'>280</span> 
     </span>
     <span class='ocr_line' id='line_1_8' title="bbox 339 693 1469 754; baseline 0.001 -16"><span class='ocrx_word' id='word_1_41' title='bbox 339 706 560 754; x_wconf 77' lang='lat' dir='ltr'>pastoreS,</span> <span class='ocrx_word' id='word_1_42' title='bbox 590 693 776 739; x_wconf 89' lang='lat' dir='ltr'>lentum</span> <span class='ocrx_word' id='word_1_43' title='bbox 802 693 1006 741; x_wconf 90' lang='lat' dir='ltr'>destillat</span> <span class='ocrx_word' id='word_1_44' title='bbox 1031 694 1125 740; x_wconf 90' lang='lat' dir='ltr'>ab</span> <span class='ocrx_word' id='word_1_45' title='bbox 1113 694 1307 754; x_wconf 79' lang='lat' dir='ltr'>inguine</span> <span class='ocrx_word' id='word_1_46' title='bbox 1331 694 1469 751; x_wconf 90' lang='lat' dir='ltr'>virus,</span> 
     </span>
     <span class='ocr_line' id='line_1_9' title="bbox 338 759 1592 833; baseline 0.004 -30"><span class='ocrx_word' id='word_1_47' title='bbox 338 759 668 833; x_wconf 77' lang='lat' dir='ltr'>hippomane5‚</span> <span class='ocrx_word' id='word_1_48' title='bbox 694 760 823 822; x_wconf 92' lang='lat' dir='ltr'>quod</span> <span class='ocrx_word' id='word_1_49' title='bbox 849 777 983 823; x_wconf 90' lang='lat' dir='ltr'>saepe</span> <span class='ocrx_word' id='word_1_50' title='bbox 1009 761 1158 807; x_wconf 91' lang='lat' dir='ltr'>malae</span> <span class='ocrx_word' id='word_1_51' title='bbox 1185 761 1338 821; x_wconf 89' lang='lat' dir='ltr'>legere</span> <span class='ocrx_word' id='word_1_52' title='bbox 1364 777 1592 808; x_wconf 88' lang='lat' dir='ltr'>novercae</span> 
     </span>
     <span class='ocr_line' id='line_1_10' title="bbox 338 825 1518 900; baseline 0.002 -30"><span class='ocrx_word' id='word_1_53' title='bbox 338 825 729 900; x_wconf 89' lang='lat' dir='ltr'>miscueruntque</span> <span class='ocrx_word' id='word_1_54' title='bbox 755 827 924 873; x_wconf 90' lang='lat' dir='ltr'>herbas</span> <span class='ocrx_word' id='word_1_55' title='bbox 951 840 997 873; x_wconf 94' lang='lat' dir='ltr'>et</span> <span class='ocrx_word' id='word_1_56' title='bbox 1023 845 1120 873; x_wconf 92' lang='lat' dir='ltr'>non</span> <span class='ocrx_word' id='word_1_57' title='bbox 1146 827 1339 873; x_wconf 86' lang='lat' dir='ltr'>innoxia</span> <span class='ocrx_word' id='word_1_58' title='bbox 1362 828 1518 874; x_wconf 86' lang='lat' dir='ltr'>verba.</span> 
     </span>
    </p>

    <p class='ocr_par' dir='ltr' id='par_1_4' title="bbox 338 891 1776 1538">
     <span class='ocr_line' id='line_1_11' title="bbox 407 891 1567 956; baseline 0.003 -19"><span class='ocrx_word' id='word_1_59' title='bbox 407 891 486 937; x_wconf 93' lang='lat' dir='ltr'>sed</span> <span class='ocrx_word' id='word_1_60' title='bbox 512 892 671 952; x_wconf 88' lang='lat' dir='ltr'>fugit</span> <span class='ocrx_word' id='word_1_61' title='bbox 650 906 854 951; x_wconf 86' lang='lat' dir='ltr'>1nterea‚</span> <span class='ocrx_word' id='word_1_62' title='bbox 883 893 1002 953; x_wconf 89' lang='lat' dir='ltr'>fugit</span> <span class='ocrx_word' id='word_1_63' title='bbox 1027 893 1338 956; x_wconf 86' lang='lat' dir='ltr'>inreparabile</span> <span class='ocrx_word' id='word_1_64' title='bbox 1366 907 1567 956; x_wconf 77' lang='lat' dir='ltr'>temPUS‚</span> 
     </span>
     <span class='ocr_line' id='line_1_12' title="bbox 339 958 1474 1021; baseline 0.002 -17"><span class='ocrx_word' id='word_1_65' title='bbox 339 958 520 1019; x_wconf 90' lang='lat' dir='ltr'>singula</span> <span class='ocrx_word' id='word_1_66' title='bbox 545 959 659 1004; x_wconf 92' lang='lat' dir='ltr'>dum</span> <span class='ocrx_word' id='word_1_67' title='bbox 687 959 811 1021; x_wconf 90' lang='lat' dir='ltr'>capti</span> <span class='ocrx_word' id='word_1_68' title='bbox 840 959 1264 1006; x_wconf 87' lang='lat' dir='ltr'>circumvectamur</span> <span class='ocrx_word' id='word_1_69' title='bbox 1300 977 1474 1007; x_wconf 90' lang='lat' dir='ltr'>amore.</span> 
     </span>
     <span class='ocr_line' id='line_1_13' title="bbox 338 1024 1553 1089; baseline 0.002 -19"><span class='ocrx_word' id='word_1_70' title='bbox 338 1026 427 1071; x_wconf 93' lang='lat' dir='ltr'>hoc</span> <span class='ocrx_word' id='word_1_71' title='bbox 455 1024 561 1071; x_wconf 91' lang='lat' dir='ltr'>satis</span> <span class='ocrx_word' id='word_1_72' title='bbox 589 1025 847 1072; x_wconf 90' lang='lat' dir='ltr'>armentis:</span> <span class='ocrx_word' id='word_1_73' title='bbox 887 1039 1073 1088; x_wconf 91' lang='lat' dir='ltr'>superat</span> <span class='ocrx_word' id='word_1_74' title='bbox 1097 1044 1201 1089; x_wconf 90' lang='lat' dir='ltr'>pars</span> <span class='ocrx_word' id='word_1_75' title='bbox 1228 1027 1372 1072; x_wconf 92' lang='lat' dir='ltr'>altera</span> <span class='ocrx_word' id='word_1_76' title='bbox 1398 1043 1553 1084; x_wconf 90' lang='lat' dir='ltr'>curae,</span> 
     </span>
     <span class='ocr_line' id='line_1_14' title="bbox 339 1091 1473 1156; baseline 0.003 -20"><span class='ocrx_word' id='word_1_77' title='bbox 339 1091 570 1152; x_wconf 85' lang='lat' dir='ltr'>lanigeros</span> <span class='ocrx_word' id='word_1_78' title='bbox 598 1091 773 1152; x_wconf 88' lang='lat' dir='ltr'>agitare</span> <span class='ocrx_word' id='word_1_79' title='bbox 801 1109 960 1152; x_wconf 90' lang='lat' dir='ltr'>greges</span> <span class='ocrx_word' id='word_1_80' title='bbox 989 1093 1228 1156; x_wconf 91' lang='lat' dir='ltr'>hirtasque</span> <span class='ocrx_word' id='word_1_81' title='bbox 1254 1094 1473 1155; x_wconf 90' lang='lat' dir='ltr'>capellas.</span> 
     </span>
     <span class='ocr_line' id='line_1_15' title="bbox 338 1158 1534 1222; baseline 0.002 -18"><span class='ocrx_word' id='word_1_82' title='bbox 338 1158 417 1205; x_wconf 93' lang='lat' dir='ltr'>hic</span> <span class='ocrx_word' id='word_1_83' title='bbox 445 1158 589 1215; x_wconf 89' lang='lat' dir='ltr'>labor,</span> <span class='ocrx_word' id='word_1_84' title='bbox 617 1158 732 1204; x_wconf 90' lang='lat' dir='ltr'>hinc</span> <span class='ocrx_word' id='word_1_85' title='bbox 762 1158 956 1205; x_wconf 90' lang='lat' dir='ltr'>laudem</span> <span class='ocrx_word' id='word_1_86' title='bbox 982 1159 1126 1205; x_wconf 89' lang='lat' dir='ltr'>fortes</span> <span class='ocrx_word' id='word_1_87' title='bbox 1152 1173 1334 1222; x_wconf 92' lang='lat' dir='ltr'>sperate</span> <span class='ocrx_word' id='word_1_88' title='bbox 1360 1159 1534 1207; x_wconf 91' lang='lat' dir='ltr'>coloni.</span> 
     </span>
     <span class='ocr_line' id='line_1_16' title="bbox 340 1224 1672 1298; baseline 0.002 -28"><span class='ocrx_word' id='word_1_89' title='bbox 340 1242 428 1271; x_wconf 91' lang='lat' dir='ltr'>nec</span> <span class='ocrx_word' id='word_1_90' title='bbox 456 1241 559 1271; x_wconf 93' lang='lat' dir='ltr'>sum</span> <span class='ocrx_word' id='word_1_91' title='bbox 586 1224 730 1270; x_wconf 88' lang='lat' dir='ltr'>animi</span> <span class='ocrx_word' id='word_1_92' title='bbox 760 1224 947 1298; x_wconf 86' lang='lat' dir='ltr'>dubius,</span> <span class='ocrx_word' id='word_1_93' title='bbox 975 1225 1128 1271; x_wconf 86' lang='lat' dir='ltr'>verbis</span> <span class='ocrx_word' id='word_1_94' title='bbox 1155 1242 1207 1271; x_wconf 92' lang='lat' dir='ltr'>ea</span> <span class='ocrx_word' id='word_1_95' title='bbox 1232 1225 1422 1272; x_wconf 90' lang='lat' dir='ltr'>vincere</span> <span class='ocrx_word' id='word_1_96' title='bbox 1447 1243 1672 1287; x_wconf 88' lang='lat' dir='ltr'>magnum</span> 
     </span>
     <span class='ocr_line' id='line_1_17' title="bbox 340 1291 1776 1353; baseline 0.001 -16"><span class='ocrx_word' id='word_1_97' title='bbox 340 1308 482 1353; x_wconf 89' lang='lat' dir='ltr'>quam</span> <span class='ocrx_word' id='word_1_98' title='bbox 502 1291 576 1348; x_wconf 90' lang='lat' dir='ltr'>sit,</span> <span class='ocrx_word' id='word_1_99' title='bbox 598 1304 644 1337; x_wconf 93' lang='lat' dir='ltr'>et</span> <span class='ocrx_word' id='word_1_100' title='bbox 670 1291 876 1352; x_wconf 88' lang='lat' dir='ltr'>angustis</span> <span class='ocrx_word' id='word_1_101' title='bbox 904 1292 1035 1337; x_wconf 91' lang='lat' dir='ltr'>hunc</span> <span class='ocrx_word' id='word_1_102' title='bbox 1057 1292 1231 1337; x_wconf 92' lang='lat' dir='ltr'>addere</span> <span class='ocrx_word' id='word_1_103' title='bbox 1251 1292 1388 1337; x_wconf 88' lang='lat' dir='ltr'>rebus</span> <span class='ocrx_word' id='word_1_104' title='bbox 1413 1294 1677 1346; x_wconf 89' lang='lat' dir='ltr'>honorem;</span> <span class='ocrx_word' id='word_1_105' title='bbox 1714 1316 1776 1346; x_wconf 91' lang='lat'>290</span> 
     </span>
     <span class='ocr_line' id='line_1_18' title="bbox 340 1357 1408 1432; baseline -0.001 -28"><span class='ocrx_word' id='word_1_106' title='bbox 340 1358 422 1404; x_wconf 86' lang='lat' dir='ltr'>sed</span> <span class='ocrx_word' id='word_1_107' title='bbox 447 1375 523 1404; x_wconf 93' lang='lat' dir='ltr'>me</span> <span class='ocrx_word' id='word_1_108' title='bbox 552 1357 739 1403; x_wconf 89' lang='lat' dir='ltr'>Parnasi</span> <span class='ocrx_word' id='word_1_109' title='bbox 768 1358 953 1403; x_wconf 88' lang='lat' dir='ltr'>deserta</span> <span class='ocrx_word' id='word_1_110' title='bbox 968 1374 1063 1432; x_wconf 37' lang='lat' dir='ltr'>’per</span> <span class='ocrx_word' id='word_1_111' title='bbox 1088 1358 1231 1403; x_wconf 87' lang='lat' dir='ltr'>ardua</span> <span class='ocrx_word' id='word_1_112' title='bbox 1257 1357 1408 1403; x_wconf 92' lang='lat' dir='ltr'>dulcis</span> 
     </span>
     <span class='ocr_line' id='line_1_19' title="bbox 339 1423 1609 1486; baseline 0.002 -17"><span class='ocrx_word' id='word_1_113' title='bbox 339 1437 492 1486; x_wconf 85' lang='lat' dir='ltr'>raptat</span> <span class='ocrx_word' id='word_1_114' title='bbox 518 1441 675 1480; x_wconf 83' lang='lat' dir='ltr'>amor3</span> <span class='ocrx_word' id='word_1_115' title='bbox 712 1424 842 1471; x_wconf 88' lang='lat' dir='ltr'>iuvat</span> <span class='ocrx_word' id='word_1_116' title='bbox 870 1424 937 1470; x_wconf 92' lang='lat' dir='ltr'>ire</span> <span class='ocrx_word' id='word_1_117' title='bbox 965 1424 1096 1484; x_wconf 88' lang='lat' dir='ltr'>iugis,</span> <span class='ocrx_word' id='word_1_118' title='bbox 1125 1441 1215 1485; x_wconf 92' lang='lat' dir='ltr'>qua</span> <span class='ocrx_word' id='word_1_119' title='bbox 1242 1424 1374 1469; x_wconf 91' lang='lat' dir='ltr'>nulla</span> <span class='ocrx_word' id='word_1_120' title='bbox 1399 1423 1609 1486; x_wconf 90' lang='lat' dir='ltr'>priorum</span> 
     </span>
     <span class='ocr_line' id='line_1_20' title="bbox 342 1490 1392 1538; baseline -0.002 -1"><span class='ocrx_word' id='word_1_121' title='bbox 342 1491 598 1538; x_wconf 89' lang='lat' dir='ltr'>Castaliam</span> <span class='ocrx_word' id='word_1_122' title='bbox 623 1490 756 1537; x_wconf 90' lang='lat' dir='ltr'>molli</span> <span class='ocrx_word' id='word_1_123' title='bbox 786 1490 1051 1537; x_wconf 88' lang='lat' dir='ltr'>devertitur</span> <span class='ocrx_word' id='word_1_124' title='bbox 1075 1490 1225 1536; x_wconf 89' lang='lat' dir='ltr'>orbita</span> <span class='ocrx_word' id='word_1_125' title='bbox 1252 1490 1392 1537; x_wconf 89' lang='lat' dir='ltr'>clivo.</span> 
     </span>
    </p>

    <p class='ocr_par' dir='ltr' id='par_1_5' title="bbox 339 1558 1777 2749">
     <span class='ocr_line' id='line_1_21' title="bbox 408 1558 1773 1617; baseline -0.001 -13"><span class='ocrx_word' id='word_1_126' title='bbox 408 1575 553 1615; x_wconf 91' lang='lat' dir='ltr'>nunc,</span> <span class='ocrx_word' id='word_1_127' title='bbox 574 1558 847 1604; x_wconf 89' lang='lat' dir='ltr'>veneranda</span> <span class='ocrx_word' id='word_1_128' title='bbox 874 1558 1023 1615; x_wconf 89' lang='lat' dir='ltr'>Pales,</span> <span class='ocrx_word' id='word_1_129' title='bbox 1046 1573 1217 1617; x_wconf 92' lang='lat' dir='ltr'>magno</span> <span class='ocrx_word' id='word_1_130' title='bbox 1243 1574 1371 1604; x_wconf 88' lang='lat' dir='ltr'>nunc</span> <span class='ocrx_word' id='word_1_131' title='bbox 1393 1575 1472 1604; x_wconf 92' lang='lat' dir='ltr'>ore</span> <span class='ocrx_word' id='word_1_132' title='bbox 1493 1558 1773 1604; x_wconf 89' lang='lat' dir='ltr'>sonandum.</span> 
     </span>
     <span class='ocr_line' id='line_1_22' title="bbox 339 1623 1507 1686; baseline 0 -16"><span class='ocrx_word' id='word_1_133' title='bbox 339 1624 574 1686; x_wconf 89' lang='lat' dir='ltr'>incipiens</span> <span class='ocrx_word' id='word_1_134' title='bbox 600 1624 791 1670; x_wconf 89' lang='lat' dir='ltr'>stabulis</span> <span class='ocrx_word' id='word_1_135' title='bbox 823 1624 958 1670; x_wconf 90' lang='lat' dir='ltr'>edico</span> <span class='ocrx_word' id='word_1_136' title='bbox 985 1624 1034 1669; x_wconf 91' lang='lat' dir='ltr'>in</span> <span class='ocrx_word' id='word_1_137' title='bbox 1062 1623 1285 1670; x_wconf 89' lang='lat' dir='ltr'>mollibus</span> <span class='ocrx_word' id='word_1_138' title='bbox 1311 1625 1507 1670; x_wconf 87' lang='lat' dir='ltr'>herbam</span> 
     </span>
     <span class='ocr_line' id='line_1_23' title="bbox 341 1690 1670 1752; baseline 0 -16"><span class='ocrx_word' id='word_1_139' title='bbox 341 1707 533 1752; x_wconf 90' lang='lat' dir='ltr'>carpere</span> <span class='ocrx_word' id='word_1_140' title='bbox 558 1708 682 1748; x_wconf 91' lang='lat' dir='ltr'>oves,</span> <span class='ocrx_word' id='word_1_141' title='bbox 712 1691 826 1737; x_wconf 91' lang='lat' dir='ltr'>dum</span> <span class='ocrx_word' id='word_1_142' title='bbox 854 1707 963 1736; x_wconf 82' lang='lat' dir='ltr'>mox</span> <span class='ocrx_word' id='word_1_143' title='bbox 992 1690 1214 1736; x_wconf 87' lang='lat' dir='ltr'>frondosa</span> <span class='ocrx_word' id='word_1_144' title='bbox 1241 1691 1483 1736; x_wconf 89' lang='lat' dir='ltr'>reducitur</span> <span class='ocrx_word' id='word_1_145' title='bbox 1508 1704 1670 1748; x_wconf 80' lang='lat' dir='ltr'>aestaS‚</span> 
     </span>
     <span class='ocr_line' id='line_1_24' title="bbox 342 1756 1500 1819; baseline 0 -16"><span class='ocrx_word' id='word_1_146' title='bbox 342 1770 388 1804; x_wconf 93' lang='lat' dir='ltr'>et</span> <span class='ocrx_word' id='word_1_147' title='bbox 413 1758 562 1803; x_wconf 90' lang='lat' dir='ltr'>multa</span> <span class='ocrx_word' id='word_1_148' title='bbox 587 1757 754 1803; x_wconf 89' lang='lat' dir='ltr'>duram</span> <span class='ocrx_word' id='word_1_149' title='bbox 781 1756 952 1819; x_wconf 89' lang='lat' dir='ltr'>stipula</span> <span class='ocrx_word' id='word_1_150' title='bbox 980 1756 1254 1819; x_wconf 87' lang='lat' dir='ltr'>filicumque</span> <span class='ocrx_word' id='word_1_151' title='bbox 1279 1756 1500 1819; x_wconf 88' lang='lat' dir='ltr'>maniplis</span> 
     </span>
     <span class='ocr_line' id='line_1_25' title="bbox 341 1822 1646 1884; baseline 0 -15"><span class='ocrx_word' id='word_1_152' title='bbox 341 1836 550 1870; x_wconf 88' lang='lat' dir='ltr'>sternere</span> <span class='ocrx_word' id='word_1_153' title='bbox 575 1824 734 1870; x_wconf 90' lang='lat' dir='ltr'>subter</span> <span class='ocrx_word' id='word_1_154' title='bbox 761 1825 978 1881; x_wconf 86' lang='lat' dir='ltr'>humum,</span> <span class='ocrx_word' id='word_1_155' title='bbox 1007 1822 1179 1884; x_wconf 90' lang='lat' dir='ltr'>glacies</span> <span class='ocrx_word' id='word_1_156' title='bbox 1207 1840 1268 1869; x_wconf 93' lang='lat' dir='ltr'>ne</span> <span class='ocrx_word' id='word_1_157' title='bbox 1294 1823 1462 1884; x_wconf 88' lang='lat' dir='ltr'>frigida</span> <span class='ocrx_word' id='word_1_158' title='bbox 1489 1824 1646 1869; x_wconf 90' lang='lat' dir='ltr'>laedat</span> 
     </span>
     <span class='ocr_line' id='line_1_26' title="bbox 342 1889 1697 1952; baseline 0 -16"><span class='ocrx_word' id='word_1_159' title='bbox 342 1890 488 1936; x_wconf 90' lang='lat' dir='ltr'>molle</span> <span class='ocrx_word' id='word_1_160' title='bbox 513 1907 672 1952; x_wconf 89' lang='lat' dir='ltr'>pecus,</span> <span class='ocrx_word' id='word_1_161' title='bbox 700 1889 1005 1952; x_wconf 89' lang='lat' dir='ltr'>scabiemque</span> <span class='ocrx_word' id='word_1_162' title='bbox 1033 1890 1152 1936; x_wconf 89' lang='lat' dir='ltr'>ferat</span> <span class='ocrx_word' id='word_1_163' title='bbox 1179 1903 1430 1952; x_wconf 89' lang='lat' dir='ltr'>turpesque</span> <span class='ocrx_word' id='word_1_164' title='bbox 1456 1890 1697 1951; x_wconf 90' lang='lat' dir='ltr'>podagras.</span> 
     </span>
     <span class='ocr_line' id='line_1_27' title="bbox 340 1956 1777 2019; baseline -0.001 -17"><span class='ocrx_word' id='word_1_165' title='bbox 340 1969 446 2019; x_wconf 86' lang='lat' dir='ltr'>post</span> <span class='ocrx_word' id='word_1_166' title='bbox 470 1956 583 2003; x_wconf 92' lang='lat' dir='ltr'>hinc</span> <span class='ocrx_word' id='word_1_167' title='bbox 610 1957 840 2017; x_wconf 87' lang='lat' dir='ltr'>digressus</span> <span class='ocrx_word' id='word_1_168' title='bbox 870 1957 1012 2003; x_wconf 88' lang='lat' dir='ltr'>iubeo</span> <span class='ocrx_word' id='word_1_169' title='bbox 1040 1957 1312 2002; x_wconf 85' lang='lat' dir='ltr'>frondentia</span> <span class='ocrx_word' id='word_1_170' title='bbox 1338 1957 1487 2018; x_wconf 87' lang='lat' dir='ltr'>capris</span> <span class='ocrx_word' id='word_1_171' title='bbox 1716 1981 1777 2011; x_wconf 81' lang='lat'>300</span> 
     </span>
     <span class='ocr_line' id='line_1_28' title="bbox 342 2022 1518 2085; baseline 0 -16"><span class='ocrx_word' id='word_1_172' title='bbox 342 2024 504 2070; x_wconf 91' lang='lat' dir='ltr'>arbuta</span> <span class='ocrx_word' id='word_1_173' title='bbox 530 2023 739 2070; x_wconf 90' lang='lat' dir='ltr'>sufficere</span> <span class='ocrx_word' id='word_1_174' title='bbox 768 2036 814 2069; x_wconf 90' lang='lat' dir='ltr'>et</span> <span class='ocrx_word' id='word_1_175' title='bbox 842 2022 1009 2069; x_wconf 89' lang='lat' dir='ltr'>fluvios</span> <span class='ocrx_word' id='word_1_176' title='bbox 1036 2023 1262 2085; x_wconf 89' lang='lat' dir='ltr'>praebere</span> <span class='ocrx_word' id='word_1_177' title='bbox 1287 2036 1518 2080; x_wconf 61' lang='lat' dir='ltr'>recentes,</span> 
     </span>
     <span class='ocr_line' id='line_1_29' title="bbox 344 2089 1436 2151; baseline -0.001 -15"><span class='ocrx_word' id='word_1_178' title='bbox 344 2103 390 2136; x_wconf 91' lang='lat' dir='ltr'>et</span> <span class='ocrx_word' id='word_1_179' title='bbox 416 2090 596 2136; x_wconf 90' lang='lat' dir='ltr'>stabula</span> <span class='ocrx_word' id='word_1_180' title='bbox 623 2107 648 2136; x_wconf 95' lang='lat' dir='ltr'>a</span> <span class='ocrx_word' id='word_1_181' title='bbox 673 2089 828 2136; x_wconf 89' lang='lat' dir='ltr'>ventis</span> <span class='ocrx_word' id='word_1_182' title='bbox 855 2090 1059 2136; x_wconf 91' lang='lat' dir='ltr'>hiberno</span> <span class='ocrx_word' id='word_1_183' title='bbox 1085 2106 1324 2151; x_wconf 89' lang='lat' dir='ltr'>opponere</span> <span class='ocrx_word' id='word_1_184' title='bbox 1350 2089 1436 2135; x_wconf 88' lang='lat' dir='ltr'>soli</span> 
     </span>
     <span class='ocr_line' id='line_1_30' title="bbox 342 2155 1557 2216; baseline -0.001 -14"><span class='ocrx_word' id='word_1_185' title='bbox 342 2156 401 2202; x_wconf 92' lang='lat' dir='ltr'>ad</span> <span class='ocrx_word' id='word_1_186' title='bbox 427 2156 640 2203; x_wconf 92' lang='lat' dir='ltr'>medium</span> <span class='ocrx_word' id='word_1_187' title='bbox 666 2173 890 2203; x_wconf 89' lang='lat' dir='ltr'>conversa</span> <span class='ocrx_word' id='word_1_188' title='bbox 917 2157 1061 2214; x_wconf 87' lang='lat' dir='ltr'>diem,</span> <span class='ocrx_word' id='word_1_189' title='bbox 1089 2173 1198 2202; x_wconf 90' lang='lat' dir='ltr'>cum</span> <span class='ocrx_word' id='word_1_190' title='bbox 1223 2156 1416 2216; x_wconf 89' lang='lat' dir='ltr'>frigidus</span> <span class='ocrx_word' id='word_1_191' title='bbox 1441 2155 1557 2201; x_wconf 89' lang='lat' dir='ltr'>olim</span> 
     </span>
     <span class='ocr_line' id='line_1_31' title="bbox 342 2222 1555 2286; baseline 0 -18"><span class='ocrx_word' id='word_1_192' title='bbox 342 2223 435 2269; x_wconf 92' lang='lat' dir='ltr'>iam</span> <span class='ocrx_word' id='word_1_193' title='bbox 462 2223 587 2270; x_wconf 89' lang='lat' dir='ltr'>cadit</span> <span class='ocrx_word' id='word_1_194' title='bbox 615 2237 925 2286; x_wconf 85' lang='lat' dir='ltr'>extremoque</span> <span class='ocrx_word' id='word_1_195' title='bbox 955 2223 1131 2269; x_wconf 91' lang='lat' dir='ltr'>inrorat</span> <span class='ocrx_word' id='word_1_196' title='bbox 1155 2222 1389 2285; x_wconf 90' lang='lat' dir='ltr'>Aquarius</span> <span class='ocrx_word' id='word_1_197' title='bbox 1415 2238 1555 2268; x_wconf 76' lang='lat' dir='ltr'>anno,</span> 
     </span>
     <span class='ocr_line' id='line_1_32' title="bbox 342 2288 1522 2353; baseline -0.001 -19"><span class='ocrx_word' id='word_1_198' title='bbox 342 2290 432 2335; x_wconf 94' lang='lat' dir='ltr'>hae</span> <span class='ocrx_word' id='word_1_199' title='bbox 459 2307 647 2353; x_wconf 92' lang='lat' dir='ltr'>quoque</span> <span class='ocrx_word' id='word_1_200' title='bbox 675 2307 771 2336; x_wconf 91' lang='lat' dir='ltr'>non</span> <span class='ocrx_word' id='word_1_201' title='bbox 800 2307 910 2336; x_wconf 90' lang='lat' dir='ltr'>cura</span> <span class='ocrx_word' id='word_1_202' title='bbox 939 2289 1073 2336; x_wconf 90' lang='lat' dir='ltr'>nobis</span> <span class='ocrx_word' id='word_1_203' title='bbox 1100 2289 1277 2335; x_wconf 88' lang='lat' dir='ltr'>leviore</span> <span class='ocrx_word' id='word_1_204' title='bbox 1303 2288 1522 2345; x_wconf 90' lang='lat' dir='ltr'>tuendae,</span> 
     </span>
     <span class='ocr_line' id='line_1_33' title="bbox 344 2355 1543 2430; baseline -0.001 -29"><span class='ocrx_word' id='word_1_205' title='bbox 344 2372 432 2402; x_wconf 91' lang='lat' dir='ltr'>nec</span> <span class='ocrx_word' id='word_1_206' title='bbox 460 2355 616 2402; x_wconf 90' lang='lat' dir='ltr'>minor</span> <span class='ocrx_word' id='word_1_207' title='bbox 643 2373 749 2403; x_wconf 89' lang='lat' dir='ltr'>usus</span> <span class='ocrx_word' id='word_1_208' title='bbox 777 2356 880 2413; x_wconf 89' lang='lat' dir='ltr'>erit,</span> <span class='ocrx_word' id='word_1_209' title='bbox 910 2356 1122 2430; x_wconf 81' lang='lat' dir='ltr'>quamvis</span> <span class='ocrx_word' id='word_1_210' title='bbox 1155 2355 1347 2401; x_wconf 90' lang='lat' dir='ltr'>Milesia</span> <span class='ocrx_word' id='word_1_211' title='bbox 1371 2371 1543 2415; x_wconf 90' lang='lat' dir='ltr'>magno</span> 
     </span>
     <span class='ocr_line' id='line_1_34' title="bbox 343 2422 1453 2484; baseline -0.002 -16"><span class='ocrx_word' id='word_1_212' title='bbox 343 2422 520 2468; x_wconf 90' lang='lat' dir='ltr'>vellera</span> <span class='ocrx_word' id='word_1_213' title='bbox 548 2436 794 2469; x_wconf 88' lang='lat' dir='ltr'>mutentur</span> <span class='ocrx_word' id='word_1_214' title='bbox 821 2423 995 2484; x_wconf 91' lang='lat' dir='ltr'>Tyrios</span> <span class='ocrx_word' id='word_1_215' title='bbox 1021 2422 1210 2468; x_wconf 88' lang='lat' dir='ltr'>incocta</span> <span class='ocrx_word' id='word_1_216' title='bbox 1234 2422 1453 2467; x_wconf 87' lang='lat' dir='ltr'>rubores:</span> 
     </span>
     <span class='ocr_line' id='line_1_35' title="bbox 344 2487 1532 2549; baseline -0.002 -15"><span class='ocrx_word' id='word_1_217' title='bbox 344 2488 532 2535; x_wconf 89' lang='lat' dir='ltr'>densior</span> <span class='ocrx_word' id='word_1_218' title='bbox 557 2489 669 2535; x_wconf 90' lang='lat' dir='ltr'>hinc</span> <span class='ocrx_word' id='word_1_219' title='bbox 698 2489 900 2545; x_wconf 91' lang='lat' dir='ltr'>suboles,</span> <span class='ocrx_word' id='word_1_220' title='bbox 926 2489 1040 2534; x_wconf 91' lang='lat' dir='ltr'>hinc</span> <span class='ocrx_word' id='word_1_221' title='bbox 1068 2487 1180 2548; x_wconf 89' lang='lat' dir='ltr'>largi</span> <span class='ocrx_word' id='word_1_222' title='bbox 1207 2487 1342 2549; x_wconf 89' lang='lat' dir='ltr'>copia</span> <span class='ocrx_word' id='word_1_223' title='bbox 1367 2487 1532 2543; x_wconf 80' lang='lat' dir='ltr'>lactis;</span> 
     </span>
     <span class='ocr_line' id='line_1_36' title="bbox 345 2553 1632 2618; baseline -0.002 -17"><span class='ocrx_word' id='word_1_224' title='bbox 345 2571 487 2618; x_wconf 89' lang='lat' dir='ltr'>quam</span> <span class='ocrx_word' id='word_1_225' title='bbox 512 2555 655 2615; x_wconf 89' lang='lat' dir='ltr'>magis</span> <span class='ocrx_word' id='word_1_226' title='bbox 683 2557 908 2601; x_wconf 83' lang='lat' dir='ltr'>exhausto</span> <span class='ocrx_word' id='word_1_227' title='bbox 937 2553 1220 2616; x_wconf 90' lang='lat' dir='ltr'>spumaverit</span> <span class='ocrx_word' id='word_1_228' title='bbox 1246 2555 1388 2600; x_wconf 91' lang='lat' dir='ltr'>ubere</span> <span class='ocrx_word' id='word_1_229' title='bbox 1415 2554 1632 2610; x_wconf 90' lang='lat' dir='ltr'>mulctra,</span> 
     </span>
     <span class='ocr_line' id='line_1_37' title="bbox 345 2620 1772 2683; baseline -0.002 -16"><span class='ocrx_word' id='word_1_230' title='bbox 345 2621 468 2667; x_wconf 90' lang='lat' dir='ltr'>laeta</span> <span class='ocrx_word' id='word_1_231' title='bbox 493 2621 638 2682; x_wconf 90' lang='lat' dir='ltr'>magis</span> <span class='ocrx_word' id='word_1_232' title='bbox 663 2622 829 2683; x_wconf 91' lang='lat' dir='ltr'>pressis</span> <span class='ocrx_word' id='word_1_233' title='bbox 855 2621 1118 2667; x_wconf 91' lang='lat' dir='ltr'>manabunt</span> <span class='ocrx_word' id='word_1_234' title='bbox 1142 2620 1340 2667; x_wconf 90' lang='lat' dir='ltr'>flumina</span> <span class='ocrx_word' id='word_1_235' title='bbox 1364 2620 1594 2667; x_wconf 87' lang='lat' dir='ltr'>mammis.</span> <span class='ocrx_word' id='word_1_236' title='bbox 1709 2643 1772 2674; x_wconf 85' lang='lat'>310</span> 
     </span>
     <span class='ocr_line' id='line_1_38' title="bbox 348 2687 1492 2749; baseline -0.001 -15"><span class='ocrx_word' id='word_1_237' title='bbox 348 2704 436 2734; x_wconf 89' lang='lat' dir='ltr'>nec</span> <span class='ocrx_word' id='word_1_238' title='bbox 463 2687 619 2734; x_wconf 90' lang='lat' dir='ltr'>minus</span> <span class='ocrx_word' id='word_1_239' title='bbox 645 2687 825 2735; x_wconf 91' lang='lat' dir='ltr'>interea</span> <span class='ocrx_word' id='word_1_240' title='bbox 852 2688 1018 2734; x_wconf 90' lang='lat' dir='ltr'>barbas</span> <span class='ocrx_word' id='word_1_241' title='bbox 1042 2687 1306 2749; x_wconf 88' lang='lat' dir='ltr'>incanaque</span> <span class='ocrx_word' id='word_1_242' title='bbox 1331 2700 1492 2733; x_wconf 89' lang='lat' dir='ltr'>menta</span> 
     </span>
    </p>

    <p class='ocr_par' dir='ltr' id='par_1_6' title="bbox 769 2763 1276 2814">
     <span class='ocr_line' id='line_1_39' title="bbox 769 2763 1276 2814; baseline 0 -12"><span class='ocrx_word' id='word_1_243' title='bbox 769 2775 840 2814; x_wconf 73' lang='lat'>303</span> <span class='ocrx_word' id='word_1_244' title='bbox 873 2763 974 2802; x_wconf 82' lang='lat' dir='ltr'>haec.</span> <span class='ocrx_word' id='word_1_245' title='bbox 1088 2777 1162 2813; x_wconf 83' lang='lat'>309</span> <span class='ocrx_word' id='word_1_246' title='bbox 1191 2778 1276 2814; x_wconf 86' lang='lat' dir='ltr'>quo.</span> 
     </span>
    </p>
   </div>
  </div>
 </body>
</html>
