1866 3208
602 226 880 264 AENEIDOS
911 226 1016 264 LIB.
1046 227 1087 263 V
1544 238 1616 265 201

186 349 363 398 cogunt
388 352 479 392 me,
506 333 753 395 Neptune,
778 350 942 395 preces
968 333 1258 380 descendere
1283 332 1333 377 in
1359 347 1555 387 omnes3

185 420 327 466 quam
353 418 440 448 nec
467 401 605 460 longa
630 399 748 456 dies,
772 399 919 462 pietas
944 418 1034 447 nec
1061 400 1246 462 mitigat
1271 398 1382 455 ulla,

185 487 274 517 nec
302 468 424 516 Iovis
450 466 650 529 imperio
675 466 840 513 fatisve
866 466 1067 514 infracta
1093 466 1307 531 quiescit.

185 554 282 583 non
307 534 463 582 media
487 534 546 580 de
571 547 712 595 gente
741 533 978 595 Phrygum
1005 535 1213 581 exedisse
1240 531 1456 580 nefandis

187 604 354 650 urbem
379 600 499 648 odiis
526 600 634 647 satis
662 614 746 658 est,
774 617 863 647 nec
889 619 1096 663 poenam
1122 615 1254 648 traxe
1279 617 1363 662 per
1387 615 1581 647 omnem
1610 616 1619 645 :

186 668 409 732 reliquias
437 667 630 725 Troiae,
658 667 842 714 cineres
869 681 1012 731 atque
1039 685 1139 714 ossa
1163 680 1439 731 peremptae

186 735 472 799 insequitur.
543 752 704 781 causas
731 734 853 781 tanti
882 735 999 781 sciat
1024 735 1108 780 illa
1134 734 1319 782 furoris.

185 803 285 866 ipse
311 802 430 849 mihi
458 819 612 866 nuper
636 801 831 876 Libycis
859 815 912 848 tu
940 801 1070 848 testis
1097 802 1147 848 in
1175 802 1331 877 undis,

187 886 328 933 quam
349 869 526 916 molem
547 869 703 915 subito
727 868 961 915 excierit:
1000 868 1146 915 maria
1171 868 1331 915 omnia
1357 868 1491 914 caelo
1563 889 1625 922 790

186 936 394 994 niscuit,
420 936 602 983 Aeoliis
629 935 924 999 nequiquam
951 936 1071 982 freta
1095 935 1336 999 procellis,

185 1004 237 1050 in
264 1003 420 1065 regnis
446 1005 535 1050 hoc
563 1020 672 1050 ausa
699 1003 810 1050 tuis,

184 1088 271 1134 per
296 1071 450 1117 scelus
477 1087 590 1117 ecce
617 1070 762 1117 etiam
788 1070 1013 1116 Troianis
1040 1069 1271 1116 matribus
1298 1064 1414 1116 actis

187 1138 365 1186 exussit
390 1138 530 1184 foede
557 1155 777 1200 puppes;
816 1150 862 1184 et
889 1138 1035 1184 classe
1062 1137 1249 1198 subegit

187 1205 355 1252 amissa
381 1204 529 1262 socios
555 1205 747 1266 ignotae
774 1204 995 1267 linquere
1023 1218 1188 1251 terrae.

187 1272 316 1335 quod
340 1285 567 1335 superest,
596 1289 692 1330 oro,
719 1272 865 1318 liceat
891 1272 1002 1317 dare
1029 1284 1131 1318 tuta
1156 1288 1242 1334 per
1268 1270 1418 1317 undas

187 1339 293 1386 vela
319 1339 422 1396 tibi,
451 1339 595 1386 liceat
620 1339 916 1385 Laurentem
943 1339 1176 1400 attingere
1204 1336 1462 1399 Thybrim,

189 1406 224 1453 si
253 1423 475 1453 concessa
501 1419 630 1468 peto,
657 1405 694 1451 si
721 1406 838 1452 dant
865 1423 916 1451 ea
944 1405 1133 1451 moenia
1162 1404 1370 1451 Parcae.'

256 1487 359 1520 tum
387 1473 635 1519 Saturnius
661 1474 780 1519 haec
808 1472 1013 1518 domitor
1039 1471 1178 1518 maris
1207 1471 1358 1518 edidit
1385 1470 1468 1517 alti
1495 1488 1504 1517 ε

189 1541 255 1587 fas
281 1557 424 1587 omne
452 1553 535 1598 est,
565 1539 822 1602 Cytherea,
850 1539 967 1586 meis
996 1553 1042 1586 te
1069 1539 1216 1585 fidere
1243 1538 1414 1599 regnis,
1565 1551 1628 1583 800

190 1607 316 1654 unde
342 1624 491 1668 genus
518 1607 669 1654 ducis.
741 1606 894 1653 merui
923 1623 1149 1669 quoque·
1136 1643 1150 1662 ,
1188 1622 1325 1680 saepe
1351 1605 1531 1651 furores

188 1674 443 1736 compressi
471 1687 518 1720 et
544 1674 725 1720 rabiem
753 1686 936 1720 tantam
963 1672 1181 1735 caelique
1207 1672 1461 1734 marisque.

187 1757 277 1787 nec
305 1740 461 1786 minor
485 1740 535 1786 in
563 1740 1024 1787 terris—Xanthum
1047 1740 1386 1802 Simoentaque
1414 1752 1628 1786 testor—

186 1809 381 1854 Aeneae
407 1807 527 1854 mihi
554 1824 666 1854 cura
693 1806 781 1854 tui.
853 1823 964 1853 cum
993 1807 1141 1853 Tro'i'a
1165 1806 1385 1853 Achilles

188 1874 459 1921 exanimata
485 1891 687 1938 sequens
714 1874 988 1937 inpingeret
1015 1873 1203 1934 agmina
1229 1873 1389 1930 muris,

187 1942 320 1988 milia
346 1942 498 1989 multa
525 1942 658 1989 daret
684 1942 797 1999 let0,
825 1953 1170 2004 gemerentque
1196 1941 1367 2003 repleti

188 2026 366 2067 amnes,
395 2026 484 2056 nec
511 2009 717 2072 reperire
743 2008 870 2054 viam
897 2021 1040 2071 atque
1069 2008 1284 2054 evolvere
1309 2021 1467 2070 posset

188 2076 239 2122 in
265 2093 394 2123 mare
420 2093 468 2122 se
495 2078 733 2134 Xanthus,
763 2075 956 2121 Pelidae
985 2087 1102 2121 tunc
1129 2091 1214 2135 ego
1240 2074 1350 2121 forti

189 2160 495 2204 congressum
519 2145 719 2190 Aenean
746 2160 836 2189 nec
863 2141 932 2188 dis
960 2158 1050 2188 nec
1076 2141 1255 2188 viribus
1282 2141 1443 2204 aequis

189 2210 318 2256 nube
344 2228 458 2257 cava
484 2210 634 2273 rapui,
662 2227 888 2273 cuperem
915 2226 1028 2256 cum
1055 2222 1240 2257 vertere
1267 2209 1325 2256 ab
1351 2209 1448 2256 imo
1569 2223 1630 2255 810

191 2290 369 2324 structa
394 2277 511 2324 meis
538 2277 756 2324 manibus
782 2277 1002 2340 periurae
1029 2278 1218 2324 moenia
1245 2277 1440 2325 Troiae.

193 2360 323 2391 nunc
344 2362 534 2409 quoque
552 2362 686 2391 mens
710 2345 876 2392 eadem
893 2359 1075 2408 perstat
1091 2345 1210 2392 mihi
1231 2364 1241 2392 :
1268 2345 1397 2407 pelle
1420 2344 1627 2391 timores.

193 2423 339 2469 tutus,
365 2430 480 2475 quos
507 2426 656 2475 optas,
684 2426 846 2474 portus
874 2413 1074 2459 accedet
1097 2412 1298 2459 Averni.

195 2493 316 2523 unus
343 2479 430 2525 erit
456 2493 661 2537 tantum,
689 2479 913 2526 amissum
940 2497 1085 2543 quem
1111 2479 1294 2542 gurgite
1321 2495 1519 2543 quaeres
1544 2498 1556 2534 ;

195 2560 346 2590 unum
371 2563 455 2607 pro
481 2547 645 2593 multis
671 2547 863 2593 dabitur
889 2547 1066 2610 caput?

194 2609 267 2655 his
295 2610 374 2656 ubi
400 2611 523 2659 laeta
549 2613 665 2660 deae
689 2614 943 2688 permulsit
967 2627 1164 2676 pectora
1189 2613 1344 2671 dictis,

195 2675 351 2736 iungit
377 2693 520 2740 equos
545 2696 659 2726 auro
683 2680 884 2740 genitor,
913 2680 1279 2744 spumantiaque
1306 2678 1439 2725 addit

677 2757 750 2794 811
785 2757 983 2806 periturae.
