1861 3256
617 251 893 289 AENEmos
924 249 1028 288 Lrss.
1057 251 1099 287 v
1537 251 1608 301 189

171 359 356 417 ultima,
383 359 419 405 si
444 357 586 421 primi
614 357 740 404 Salio
766 357 1028 404 reddantur
1051 359 1272 404 honores·

169 438 273 473 tum
297 439 433 489 pater
455 426 701 481 Aenea5,‘
717 424 899 483 vestra,'
925 424 1101 488 inquit,
1129 429 1358 471 ‘munera
1382 424 1516 470 vobis

169 506 297 539 certa
323 504 536 550 manent,
561 490 715 554 pueri,
743 504 790 538 et
796 462 1024 568 pa'lmam
1051 504 1212 538 movet
1237 491 1405 538 ordine
1432 507 1604 537 nemo:

168 576 243 606 me
270 560 411 606 liceat
436 576 568 606 casus
595 557 806 604 miserari
835 558 1035 605 insontis
1062 558 1234 606 amici.'
1547 582 1609 612 350

167 626 232 673 sic
259 627 400 684 fatus,
427 639 612 686 tergum
641 624 880 672 Gaetuli
869 642 1064 672 mmane
1090 625 1243 672 leonis

166 694 247 740 dat
275 693 416 751 Salio,
442 692 567 739 villis
594 708 851 738 onerosum
878 705 1020 755 atque
1048 693 1287 753 unguibus
1313 692 1482 739 aureis.

165 760 245 807 hic
272 760 435 819 Nisus,
465 759 528 807 ‘si
557 759 723 817 tanta,'
750 758 926 822 inquit,
956 763 1095 805 ‘sunt
1119 759 1330 822 praemia
1355 758 1510 817 victis,

167 840 213 874 et
240 839 286 874 te
312 827 550 890 lapsorum
576 826 787 885 miseret,
814 842 935 889 quae
961 842 1162 873 munera
1187 827 1309 873 Niso

165 894 307 969 digna
333 894 480 952 dabis,
508 893 711 956 primam
739 892 892 939 merui
920 892 1002 968 qui
1029 893 1171 940 laude
1198 910 1439 950 coronam,

165 961 214 1007 ni
241 978 333 1019 me,
361 978 482 1024 quae
511 960 708 1018 Salium,
739 960 971 1006 fortuna
959 960 1156 1007 inimica
1183 961 1405 1008 tulisset
1393 977 1406 995 r

164 1040 211 1075 et
237 1028 377 1074 simul
404 1028 475 1074 his
503 1027 643 1074 dictis
671 1027 848 1074 faciem
874 1027 1160 1086 ostentabat,
1189 1041 1236 1074 et
1263 1027 1357 1074 udo

162 1094 319 1157 turpia
344 1095 558 1141 membra
585 1094 713 1142 fimo.
787 1094 890 1141 risit
915 1108 1050 1156 pater
1074 1094 1282 1157 optimus
1308 1093 1408 1151 olli,

162 1174 210 1208 et
236 1161 447 1224 clipeum
476 1161 631 1208 efferri
659 1161 811 1219 iussit,
838 1161 1156 1224 Didymaonis
1184 1175 1320 1219 arteS,

161 1228 385 1292 Neptuni
413 1246 542 1276 sacro
569 1228 752 1276 Danais
780 1199 839 1275 de
865 1242 999 1292 poste
1026 1229 1244 1276 refixum.
1545 1243 1607 1283 360

159 1296 288 1343 hoc'
277 1296 504 1343 luvenem
532 1296 774 1357 egregium
800 1296 1063 1359 praestanti
1089 1313 1290 1343 munere
1315 1295 1479 1343 donat

226 1376 348 1425 post,
376 1363 457 1409 ubi
486 1363 700 1410 confecti
728 1380 907 1421 cursus,
937 1376 984 1410 et
1009 1363 1135 1410 dona
1160 1363 1374 1426 peregit:

146 1435 158 1455 ‘
179 1447 326 1488 nunc,
355 1429 390 1476 si
418 1430 494 1477 cui
521 1430 672 1476 virtus
700 1430 987 1494 animusque
1014 1430 1065 1476 in
1089 1444 1286 1494 pectore
1313 1446 1536 1492 praesens

161 1497 297 1554 adsit,
326 1510 372 1544 et
400 1497 602 1544 evinctis
631 1499 822 1544 attollat
848 1497 1072 1545 bracchia
1098 1497 1303 1572 palmis?

160 1564 225 1610 sic
253 1564 332 1622 ait,
361 1577 407 1611 et
432 1564 682 1625 geminum
708 1582 896 1627 pugnae
922 1564 1151 1628 proponit
1176 1565 1423 1621 honorem,

159 1630 328 1678 victori
358 1632 568 1679 velatum
595 1649 709 1678 auro
735 1632 966 1695 vittisque
992 1631 1269 1689 iuvencum,

161 1715 323 1745 ensem
349 1711 492 1762 atque
518 1698 758 1759 insignem
785 1699 984 1759 galeam,
1012 1697 1186 1744 solacia
1211 1697 1356 1745 victo.

159 1782 248 1812 nec
274 1781 435 1822 mora;
472 1765 709 1812 continuo
735 1764 877 1811 vastis
905 1781 1016 1812 cum
1042 1764 1221 1812 viribus
1249 1766 1385 1811 effert

157 1849 236 1879 ora
261 1832 428 1889 Dares,
455 1848 725 1895 magnoque
753 1831 911 1879 virum
939 1848 985 1879 se
1011 1849 1256 1879 murmure
1283 1831 1442 1888 tollit;

157 1899 281 1945 solus
307 1898 388 1962 qui
417 1899 639 1946 Paridem
666 1898 834 1946 solitus
864 1899 1160 1946 contendere
1187 1912 1370 1957 contra,
1543 1923 1606 1954 370

156 1966 381 2030 idemque
408 1966 467 2012 ad
494 1967 754 2025 tumulum,
778 1983 874 2030 quo
903 1965 1138 2013 maximus
1165 1966 1371 2013 occubat
1398 1966 1603 2023 Hector,

156 2033 390 2080 victorem
416 2033 594 2092 Buten,
621 2033 808 2080 inmani
838 2051 1038 2096 corpore
1065 2033 1146 2096 qui
1174 2051 1221 2080 se

158 2100 390 2163 Bebrycia
415 2100 614 2147 veniens
641 2100 814 2162 Amyci
844 2100 904 2147 de
929 2113 1074 2161 gente
1100 2101 1302 2158 ferebat,

156 2167 377 2229 perculit,
405 2180 452 2214 et
478 2167 611 2214 fulva
637 2167 989 2214 moribundum
1017 2167 1236 2214 extendit
1260 2169 1454 2214 harena.

157 2234 263 2281 talis
288 2234 440 2297 prima
465 2234 616 2281 Dares
643 2247 786 2296 caput
814 2234 968 2281 altum
994 2233 1045 2280 in
1071 2234 1252 2297 proelia
1279 2235 1422 2292 tollit,

157 2301 462 2365 ostenditque
490 2318 676 2348 umeros
703 2302 837 2360 latos,
868 2301 1151 2364 alternaque
1177 2301 1321 2348 iactat

157 2368 379 2416 bracchia
402 2369 713 2431 protendens,
742 2381 789 2415 et
815 2369 1036 2415 verberat
1061 2368 1237 2415 ictibus
1264 2386 1414 2415 auras.

160 2435 402 2497 quaeritur
430 2435 545 2483 huic
573 2436 722 2483 alius:
763 2452 852 2483 nec
882 2435 1134 2499 quisquam
1162 2453 1219 2482 ex
1246 2435 1435 2497 agmine
1467 2447 1602 2481 tanto

161 2501 302 2549 audet
327 2503 455 2550 adire
481 2502 638 2550 virum
665 2502 984 2566 manibusque
1011 2503 1245 2550 inducere
1271 2516 1470 2550 caestus.

161 2584 268 2628 ergo
294 2569 473 2628 alacri5‚
502 2583 801 2634 cunctosque
826 2583 1002 2634 putans
1029 2570 1262 2616 excedere
1288 2570 1460 2632 palma,
1542 2582 1603 2622 380

159 2635 350 2681 Aeneae
376 2637 508 2683 stetit
534 2649 646 2684 ante
671 2637 832 2700 pedes,
860 2654 949 2684 nec
975 2636 1113 2700 plura
1139 2650 1347 2683 moratus

159 2712 262 2747 tum
288 2700 421 2748 laeva
448 2715 637 2751 taurum
663 2721 812 2751 cornu
840 2717 990 2762 tenet,
1018 2717 1162 2767 atque
1188 2703 1254 2750 ita
1280 2703 1435 2749 fatur:

704 2797 722 2833 3
732 2795 750 2835 5
755 2797 780 2822 0
809 2784 990 2823 misereri.
