1866 3208
542 241 816 278 AENEIDOS
846 242 949 280 LIB.
980 242 1019 278 X
1457 256 1528 293 321

99 350 284 399 transiit
309 362 355 396 et
379 364 590 411 parmam
617 364 796 406 mucro,
826 348 947 395 levia
974 366 1099 395 arma
1124 348 1340 406 minacis,

99 434 145 466 et
170 417 395 471 tunicam,
424 414 555 460 molli
584 428 735 461 mater
762 432 905 478 quam
933 429 1125 463 neverat
1150 433 1277 474 auro,

98 483 392 547 inplevitque
418 481 575 528 sinum
603 481 826 542 sanguis·
814 519 827 538 ‚
866 496 967 530 tum
994 483 1090 529 vita
1116 501 1201 545 per
1227 500 1356 529 auras

98 549 329 599 concessit
353 562 525 595 maesta
553 548 609 594 ad
638 549 814 595 Manes
841 566 1103 613 corpusque
1130 550 1338 613 reliquit.
1479 564 1539 596 820

97 631 143 665 at
167 633 277 663 vero
303 628 354 662 ut
379 615 567 662 vultum
595 615 714 662 vidit
742 617 989 663 morientis
1017 632 1063 664 et
1089 635 1183 675 ora,

97 702 174 731 ora
198 682 347 729 modis
372 682 684 728 Anchisiades
714 683 944 744 pallentia
972 684 1117 741 miris,

96 749 330 811 ingemuit
356 749 583 796 miserans
609 750 815 811 graviter
842 751 1151 814 dextramque
1178 751 1397 809 tetendit,

98 831 144 865 et
168 830 380 864 mentem
405 817 580 879 patriae
609 816 752 863 subiit
779 817 967 879 pietatis
994 818 1163 878 imago.

97 885 210 950 quid
234 884 320 930 tibi
348 901 496 941 nunc,
522 883 787 930 miserande
815 901 946 946 puer,
973 902 1058 947 pro
1084 885 1298 932 laudibus
1324 885 1435 942 istis,

97 951 210 1015 quid
235 951 339 1013 pius
363 952 551 997 Aeneas
578 964 711 998 tanta
738 951 870 998 dabit
896 951 1057 998 indole
1083 952 1316 1013 dignum?

97 1035 236 1075 arma,
263 1018 430 1081 quibus
457 1019 676 1075 laetatus,
701 1019 822 1065 habe
850 1032 928 1065 tua
950 1040 963 1076 3
1002 1033 1143 1082 teque
1169 1033 1422 1081 parentum

98 1085 326 1132 Manibus
353 1098 399 1131 et
426 1085 592 1143 cineri,
622 1085 657 1131 si
685 1103 777 1148 qua
804 1099 872 1132 est
899 1103 951 1132 ea
978 1103 1104 1143 cura,
1128 1086 1336 1133 remitto.

96 1154 185 1199 hoc
213 1165 370 1199 tamen
397 1152 566 1199 infelix
593 1152 810 1199 miseram
837 1153 1046 1200 solabere
1073 1167 1274 1200 mortem
1299 1172 1308 1200 ε

95 1221 283 1266 Aeneae
309 1220 465 1281 magni
493 1220 661 1266 dextra
688 1218 843 1267 cadis?
913 1220 1125 1296 increpat
1151 1221 1276 1267 ultro
1482 1235 1543 1275 830

96 1300 376 1334 cunctantes
404 1287 569 1345 socios,
597 1302 643 1334 et
671 1301 792 1334 terra
818 1288 1066 1335 sublevat
1056 1305 1210 1350 ipsum

96 1354 322 1415 sanguine
349 1368 621 1416 turpantem
649 1368 861 1417 comptos
889 1356 948 1401 de
975 1372 1106 1402 more
1133 1355 1343 1418 capillos.

164 1422 344 1468 interea
369 1422 556 1482 genitor
584 1422 805 1468 Tiberini
832 1423 889 1468 ad
916 1422 1126 1468 fluminis
1154 1423 1331 1469 undam

95 1489 293 1534 vulnera
319 1488 525 1535 siccabat
551 1489 773 1550 lymphis,
804 1506 1070 1553 corpusque
1097 1490 1283 1536 levabat

96 1555 268 1601 arboris
296 1556 495 1601 adclinis
524 1569 711 1603 trunco.
782 1558 953 1619 procul
981 1574 1114 1604 aerea
1141 1558 1281 1603 ramis

95 1623 333 1684 dependet
359 1623 491 1684 galea
518 1637 563 1670 et
588 1638 720 1685 prato
747 1624 902 1684 gravia
928 1642 1054 1670 arma
1082 1624 1351 1687 quiescunt.

96 1703 218 1735 stant
243 1689 356 1736 lecti
384 1690 566 1737 circum
592 1691 787 1737 iuvenes
813 1712 827 1748 3
865 1691 961 1753 ipse
989 1709 1135 1752 aeger,
1165 1692 1404 1748 anhelans,

97 1757 219 1802 colla
244 1757 388 1813 fovet,
418 1758 545 1803 fusus
573 1775 829 1819 propexam
856 1759 906 1804 in
933 1772 1125 1820 pectore
1153 1758 1342 1805 barbam
1365 1779 1378 1815 ;

95 1824 244 1870 multa
271 1841 408 1885 super
434 1825 588 1870 Lauso
614 1825 797 1886 rogitat,
826 1826 1131 1888 multumque
1158 1826 1375 1884 remittit,

96 1890 176 1953 qui
202 1905 441 1949 revocent,
469 1892 731 1955 maestique
758 1893 912 1938 ferant
938 1893 1161 1940 mandata
1185 1893 1408 1955 parentis,
1480 1909 1539 1946 340

96 1970 140 2003 at
166 1958 372 2004 Lausum
399 1958 512 2004 socii
541 1959 812 2006 exanimem
839 1977 979 2021 super
1006 1978 1130 2006 arma
1156 1961 1370 2007 ferebant

96 2024 282 2081 flentes,
307 2025 553 2085 ingentem
575 2039 713 2089 atque
741 2027 924 2087 ingenti
952 2028 1150 2073 vulnere
1177 2028 1370 2075 victum.

97 2091 321 2152 adgnovit
347 2093 487 2152 longe
515 2093 747 2153 gemitum
773 2111 992 2155 praesaga
1017 2094 1129 2140 mali
1156 2111 1304 2140 mens.

98 2158 322 2204 canitiem
349 2159 500 2204 multo
528 2159 758 2206 deformat
784 2161 996 2222 pulvere,
1025 2175 1071 2207 et
1097 2161 1254 2207 ambas

97 2225 155 2270 ad
180 2226 365 2271 caelum
391 2226 546 2272 tendit
573 2227 769 2287 palmas,
796 2240 843 2273 et
869 2244 1063 2290 corpore
1090 2228 1320 2274 inhaeret.

94 2304 287 2338 tantane
315 2309 390 2338 me
419 2292 573 2339 tenuit
598 2293 809 2351 vivendi,
836 2308 963 2351 nate,
989 2296 1221 2357 voluptas,

96 2371 148 2404 ut
171 2377 258 2421 pro
284 2376 359 2405 me
386 2360 541 2406 hostili
569 2373 755 2422 paterer
780 2362 1033 2408 succedere
1059 2362 1268 2420 dextrae,

97 2442 238 2487 quem
264 2427 443 2487 genui?
515 2440 658 2474 tuane
684 2429 800 2475 haec
828 2428 1015 2489 genitor
1039 2447 1125 2492 per
1145 2430 1343 2476 vulnera
1363 2446 1533 2486 servor,

96 2506 247 2538 morte
273 2506 351 2540 tua
376 2493 574 2541 vivens?
645 2496 754 2553 heu,
783 2513 912 2542 nunc
940 2497 1110 2543 misero
1135 2497 1252 2543 mihi
1280 2497 1474 2543 demum

97 2558 296 2605 exitium
321 2560 489 2607 infelix
516 2562 525 2609 !
567 2579 698 2609 nunc
725 2563 820 2609 alte
846 2564 1020 2610 vulnus
1047 2564 1267 2611 adactum
1291 2565 1299 2612 Ι
1475 2578 1536 2616 850

97 2624 224 2671 idem
251 2643 349 2686 eg0,
377 2641 498 2685 nate,
526 2641 664 2675 tuum
689 2630 924 2676 maculavi
953 2631 1153 2677 crimine
1182 2647 1375 2687 nomen,

96 2692 256 2753 pulsus
283 2692 342 2738 ob
366 2692 596 2741 invidiam
622 2696 740 2742 solio
765 2697 1057 2760 sceptrisque
1083 2698 1304 2759 paternis·

313 2769 390 2818 824
419 2771 584 2810 strinxit.
669 2773 746 2822 834
775 2774 937 2812 lavabat.
1023 2774 1098 2824 850
1128 2774 1317 2811 exsilium.

769 2843 803 2872 Y
