1866 3208
303 241 377 282 228
748 242 792 280 P.
821 241 1055 279 VERGILI
1085 241 1342 280 MARONIS

372 349 658 406 Fabricium,
684 348 759 394 vel
787 359 834 394 te
860 347 1006 405 sulco,
1035 347 1245 405 Serrane,
1273 351 1538 394 serentem?

371 433 466 479 quo
492 415 666 461 fessum
691 413 868 476 rapitis,
896 413 1061 460 Fabii?
1130 427 1180 461 tu
1209 414 1453 460 Maximus
1478 414 1562 460 ille
1589 431 1651 471 es,

371 498 493 528 unus
519 480 599 543 qui
627 480 762 525 nobis
788 480 1060 526 cunctando
1083 481 1290 527 restituis
1313 497 1429 527 rem.

372 537 613 594 excudent
639 546 718 591 alii
746 546 968 608 spirantia
993 547 1185 593 mollius
1211 565 1328 602 aera,

372 613 512 660 credo
539 612 777 675 equidem,
802 612 932 658 vivos
957 612 1136 659 ducent
1161 614 1218 660 de
1245 629 1474 659 marmore
1499 612 1674 670 vultus,

371 679 573 726 orabunt
598 695 757 725 causas
782 679 968 736 melius,
995 680 1210 743 caelique
1236 693 1416 726 meatus

371 746 642 793 describent
665 745 811 802 radi0‚
840 759 887 792 et
911 746 1146 806 surgentia
1171 746 1320 792 sidera
1346 746 1539 792 dicent:
1735 760 1796 799 850

372 826 423 859 tu
449 829 605 873 regere
631 812 831 874 imperio
855 812 1071 874 populos,
1099 813 1328 868 Romane,
1355 825 1668 858 memento—

371 880 460 925 hae
487 878 572 925 tibi
600 891 738 924 erunt
765 879 1176 942 artes—pacisque
1201 880 1429 941 inponere
1456 895 1650 935 morem,

369 961 562 1008 parcere
587 945 810 991 subiectis
837 959 883 991 et
908 945 1146 991 debellare
1173 944 1423 1007 superbos.'

439 1011 504 1058 sic
529 1024 663 1074 pater
687 1011 937 1068 Anchises,
965 1024 1105 1074 atque
1130 1013 1246 1058 haec
1274 1012 1551 1058 mirantibus
1578 1011 1739 1058 addit:

303 1116 306 1117 ν
340 1083 354 1105 ‘
371 1078 543 1141 aspice,
570 1091 623 1124 ut
647 1077 842 1138 insignis
868 1078 1028 1140 spoliis
1057 1078 1318 1124 Marcellus
1343 1078 1514 1140 opimis

286 1139 300 1147 ”
371 1145 647 1206 ingreditur,
674 1144 919 1206 victorque
946 1144 1066 1190 viros
1093 1144 1410 1206 supereminet
1436 1144 1626 1190 omnes!

370 1212 450 1258 hic
476 1228 575 1257 rem
601 1211 886 1266 Romanam,
912 1227 1081 1271 magno
1109 1212 1329 1257 turbante
1356 1212 1583 1267 tumultu,

372 1278 519 1335 sistet,
548 1293 689 1340 eques
715 1290 892 1323 sternet
920 1276 1101 1323 Poenos
1129 1277 1424 1340 Gallumque
1449 1277 1693 1332 rebellem,

371 1345 605 1406 tertiaque
631 1360 756 1390 arma
780 1343 900 1406 patri
927 1343 1182 1405 suspendet
1208 1356 1343 1405 capta
1370 1343 1605 1405 Qirino.’

372 1424 514 1474 atque
539 1411 617 1457 hic
641 1411 842 1466 Aeneas,
870 1427 962 1456 una
987 1427 1191 1473 namque
1217 1410 1282 1456 ire
1309 1409 1500 1456 videbat
1735 1424 1798 1456 860

372 1477 610 1538 egregium
635 1477 785 1523 forma
810 1477 1032 1523 iuvenem
1061 1490 1106 1523 et
1133 1476 1426 1537 fulgentibus
1452 1476 1606 1533 armis,

371 1544 453 1590 sed
477 1544 604 1590 frons
630 1544 751 1590 laeta
777 1560 955 1606 parum,
984 1556 1029 1589 et
1054 1543 1241 1589 deiecto
1266 1543 1448 1589 lumina
1473 1543 1607 1589 vultu
1628 1561 1638 1588 ε

339 1616 353 1637 ‘
370 1610 490 1673 quis,
514 1624 661 1672 pater,
688 1611 787 1667 ille,
813 1610 965 1656 virum
991 1610 1071 1672 qui
1098 1609 1162 1656 sic
1190 1609 1443 1656 comitatur
1468 1613 1693 1656 euntem?

371 1677 511 1734 filius,
538 1694 660 1722 anne
687 1677 856 1739 aliquis
883 1693 1050 1751 magna
1074 1676 1132 1722 de
1159 1676 1301 1739 stirpe
1327 1679 1599 1751 nepotum?

371 1743 452 1806 qui
479 1743 698 1805 strepitus
719 1743 841 1789 circa
863 1743 1120 1789 comitum!
1161 1757 1391 1805 quantum
1418 1742 1563 1789 instar
1587 1742 1636 1788 in
1663 1742 1790 1805 ipso!

372 1810 453 1856 sed
479 1827 572 1855 nox
598 1823 693 1855 atra
721 1822 862 1871 caput
889 1809 1007 1855 tristi
1036 1809 1346 1855 circumvolat
1373 1809 1565 1855 umbra?

372 1889 475 1923 tum
499 1889 632 1938 pater
655 1875 887 1922 Anchises
913 1875 1156 1921 lacrimis
1145 1892 1375 1936 lngressus
1401 1876 1574 1922 obortis
1596 1895 1604 1921 :

338 1948 352 1967 ‘
371 1960 399 1990 o
425 1956 550 1999 nate,
577 1942 820 2002 ingentem
846 1941 1030 1988 luctum
1058 1959 1118 1987 ne
1145 1959 1314 2005 quaere
1341 1955 1544 1989 tuorum.

371 2009 623 2056 ostendent
649 2008 778 2054 terris
804 2009 932 2054 hunc
960 2022 1144 2054 tantum
1172 2009 1282 2065 fata,
1307 2025 1463 2071 neque
1489 2010 1610 2055 ultra

371 2092 469 2122 esse
495 2076 668 2122 sinent.
739 2074 941 2120 nimium
968 2074 1099 2121 vobis
1126 2075 1340 2121 Romana
1365 2092 1569 2138 propago
1735 2090 1797 2130 870

370 2142 467 2188 visa
492 2155 677 2204 potens,
704 2141 874 2204 superi,
901 2141 1086 2203 propria
1112 2142 1227 2187 haec
1255 2141 1289 2187 si
1317 2141 1440 2187 dona
1467 2142 1680 2189 fuissent.

370 2222 571 2271 quantos
597 2209 679 2254 ille
706 2208 857 2254 virum
883 2224 1101 2268 magnam
1130 2208 1361 2254 Mavortis
1387 2208 1445 2254 ad
1472 2209 1633 2254 urbem

372 2275 582 2336 Campus
609 2288 713 2335 aget
738 2275 968 2336 gemitus!
1010 2275 1083 2320 vel
1111 2291 1246 2337 quae,
1274 2274 1521 2331 Tiberine,
1549 2274 1730 2321 videbis

370 2341 552 2397 funera,
580 2358 689 2387 cum
715 2341 955 2387 tumulum
980 2341 1325 2403 praeterlabere
1348 2340 1618 2387 recentem!

371 2424 460 2454 nec
486 2423 602 2469 puer
627 2407 771 2453 Iliaca
797 2407 1045 2469 quisquam
1071 2407 1129 2452 de
1154 2419 1295 2467 gente
1322 2406 1516 2452 Latinos

370 2474 421 2520 in
447 2486 633 2520 tantum
660 2490 741 2535 spe
769 2473 907 2518 tollet
933 2490 1070 2529 avos;
1107 2489 1194 2519 nec
1222 2473 1427 2519 Romula
1453 2474 1691 2536 quondam

371 2540 472 2587 ullo
498 2557 546 2586 se
572 2552 757 2585 tantum
784 2539 924 2585 tellus
952 2539 1147 2585 iactabit
1172 2539 1380 2586 alumno.

370 2608 464 2653 heu
490 2606 656 2669 pietas,
682 2607 774 2651 heu
801 2605 950 2667 prisca
977 2605 1106 2664 fides,
1132 2605 1405 2668 invictaque
1432 2606 1560 2652 bello

371 2673 593 2720 dextera!
634 2689 728 2718 non
755 2672 826 2718 illi
854 2689 900 2718 se
927 2671 1174 2735 quisquam
1201 2672 1381 2734 inpune
1409 2672 1591 2719 tulisset

759 2749 778 2786 8
787 2760 833 2799 52
863 2749 942 2797 paci
964 2748 1060 2787 codd.
1116 2748 1213 2798 pacis
1235 2748 1338 2788 Serv.
