1866 3208
585 226 861 265 AENEmos
891 226 995 263 Lm.
1026 226 1089 263 XI
1498 240 1570 277 343

146 352 248 384 tum
314 337 479 393 Lirim,
549 335 876 395 Pagasumque
944 350 1083 395 super
1108 353 1121 387 3
1187 350 1389 395 quorum
1459 335 1575 380 alter

277 404 481 449 habenas
1515 415 1577 455 670

145 471 337 516 suffosso
362 467 603 515 revolutus
631 484 753 530 equo
779 467 895 513 dum
923 467 1123 528 colligit,
1152 467 1271 514 alter

143 538 255 583 dum
282 535 407 581 subit
432 552 484 580 ac
511 534 728 580 dextram
755 534 935 580 labenti
963 534 1122 580 tendit
1147 534 1395 591 inermem,

141 602 423 666 praecipites
450 601 721 664 pariterque
747 615 908 647 ruunt.
981 601 1052 646 his
1079 601 1211 647 addit
1235 602 1509 648 Amastrum

143 669 472 731 Hippotaden,
501 668 808 730 sequiturque
835 668 1122 714 incumbens
1150 668 1336 714 eminus
1361 669 1496 714 hasta

144 737 393 798 Tereaque
433 736 857 798 Harpalycumque
896 748 941 780 et
978 734 1354 797 Demophoonta
1394 736 1548 782 Chro-

274 802 488 865 mimque
511 822 525 856 3

141 883 351 932 quotque
378 869 545 915 emissa
571 884 716 916 manu
744 868 974 916 contorsit
1000 869 1184 931 spicula
1208 869 1358 930 virgo,

141 950 212 983 tot
239 937 365 1012 Phry
367 936 430 997 gii
458 936 674 983 cecidere
700 936 804 984 viri.
877 937 1043 999 procul
1073 937 1287 998 Ornytus
1314 935 1453 982 armis

140 1003 313 1064 ignotis
341 1016 387 1050 et
414 1020 536 1067 equo
561 1017 761 1050 venator
792 1004 966 1065 Iapyge
993 1004 1157 1061 fertur,

142 1071 218 1117 cui
245 1071 381 1132 pellis
408 1071 527 1117 latos
555 1087 741 1117 umeros
771 1084 930 1132 erepta
957 1070 1161 1117 iuvenco

140 1137 392 1200 pugnatori
421 1137 592 1200 operit,
619 1151 764 1200 caput
792 1138 959 1198 ingens
986 1137 1077 1183 oris
1104 1138 1260 1183 hiatus
1518 1152 1581 1183 680

142 1218 186 1251 et
212 1205 365 1251 malae
392 1218 552 1251 texere
580 1205 683 1267 lupi
711 1221 822 1251 cum
850 1204 1073 1251 dentibus
1101 1205 1232 1259 albis,

142 1272 425 1334 agrestisque
452 1289 620 1318 manus
648 1284 798 1318 armat
825 1288 999 1334 sparus.
1070 1271 1169 1334 ipse
1197 1270 1394 1318 catervis

140 1339 342 1385 vertitur
367 1339 416 1384 in
443 1339 630 1396 mediis,
657 1352 703 1386 et
732 1352 832 1385 toto
858 1339 1038 1385 vertice
1064 1356 1201 1401 supra
1229 1352 1313 1386 est.

142 1407 270 1452 hunc
292 1406 373 1452 illa
400 1420 676 1468 exceptum,
705 1423 860 1468 neque
888 1406 1018 1452 enim
1044 1406 1177 1452 labor
1203 1405 1390 1466 agmine
1415 1422 1564 1462 verso,

143 1472 314 1530 traicit,
342 1486 388 1519 et
415 1490 552 1535 super
579 1475 696 1520 haec
725 1473 925 1519 inimico
952 1486 1148 1535 pectore
1176 1473 1301 1518 fatur
1327 1492 1335 1519 :

143 1540 269 1586 silvis
297 1553 357 1597 te,
386 1540 662 1601 Tyrrhene,
691 1541 808 1586 feras
837 1540 1012 1600 agitare
1037 1539 1251 1603 putasti?

143 1606 337 1653 advenit
363 1607 444 1669 qui
470 1621 623 1653 vestra
652 1607 749 1653 dies
777 1607 1088 1653 muliebribus
1115 1607 1255 1653 armis

141 1674 284 1720 verba
309 1675 616 1735 redarguerit.
692 1691 871 1720 nomen
900 1687 1062 1720 tamen
1088 1674 1217 1719 haud
1242 1674 1345 1720 leve
1370 1686 1558 1736 patrum

145 1740 374 1787 Manibus
400 1742 490 1788 hoc
515 1742 705 1798 referes,
735 1741 831 1787 telo
859 1740 1083 1787 cecidisse
1112 1739 1377 1787 Camillae.'

141 1808 357 1870 protinus
380 1808 691 1855 Orsilochum
721 1822 767 1855 et
790 1808 968 1864 Buten,
988 1808 1082 1854 duo
1103 1807 1309 1854 maxima
1331 1808 1580 1854 Teucrum

143 1892 338 1938 corpora
364 1893 373 1922 ε
412 1876 494 1922 sed
520 1876 679 1923 Buten
709 1892 924 1922 aversum
953 1875 1149 1937 cuspide
1175 1874 1281 1921 fixit
1521 1889 1580 1929 691

142 1942 338 1989 loricam
363 1944 643 2007 galeamque
672 1943 812 2000 inter,
839 1961 931 2007 qua
959 1943 1082 1989 colla
1109 1942 1315 1988 sedentis

144 2009 310 2056 lucent
336 2023 383 2056 et
409 2011 543 2057 laevo
571 2012 811 2074 dependet
838 2028 1002 2073 parma
1029 2010 1242 2062 lacert03

145 2077 472 2154 Orsilochum,
497 2079 682 2138 fugiens
710 2094 1036 2153 magnumque
1064 2076 1235 2137 agitata
1257 2093 1342 2138 per
1367 2076 1545 2130 orbem,

144 2145 297 2191 eludit
323 2162 435 2207 gyro
461 2145 674 2202 interior,
704 2145 1014 2208 sequiturque
1045 2156 1360 2207 sequentem·
1349 2179 1362 2197 ‚

144 2225 246 2258 tum
273 2213 479 2258 validam
505 2229 685 2275 perque
713 2230 840 2258 arma
865 2212 965 2259 viro
991 2229 1170 2275 perque
1197 2228 1296 2257 ossa
1321 2209 1541 2266 securim,

144 2279 281 2325 altior
307 2296 578 2341 exsurgens,
605 2279 759 2326 oranti
788 2292 835 2326 et
861 2279 1011 2326 multa
1036 2278 1254 2341 precanti

145 2347 485 2407 congeminat3
521 2347 696 2393 vulnus
725 2347 880 2393 calido
908 2346 1026 2407 rigat
1053 2364 1132 2392 ora
1158 2346 1369 2392 cerebro,

145 2412 316 2459 incidit
340 2414 454 2460 huic
482 2413 734 2476 subitoque
762 2426 955 2475 aspectu
984 2413 1175 2459 territus
1199 2413 1350 2459 haesit

144 2480 561 2540 Appenninicolae
587 2481 790 2527 bellator
817 2480 941 2526 filius
966 2480 1112 2537 Auni,
1520 2502 1580 2532 700

146 2545 274 2590 haud
299 2546 531 2607 Ligurum
558 2561 816 2605 extremus,
841 2548 957 2594 dum
985 2548 1150 2594 fallere
1178 2547 1273 2593 fata
1301 2545 1532 2592 sinebant.

147 2611 295 2673 isque,
323 2613 403 2658 ubi
430 2631 476 2659 se
503 2615 638 2660 nullo
663 2614 756 2660 iam
784 2631 921 2661 cursu
948 2614 1145 2660 evadere
1171 2630 1358 2676 pugnae

147 2694 281 2739 posse
309 2694 465 2740 neque
490 2680 750 2727 instantem
777 2681 991 2742 reginam
1020 2693 1230 2726 avertere
1257 2677 1424 2735 cernit,

495 2756 567 2803 671
601 2756 758 2796 suffuso.
871 2757 947 2806 672
979 2757 1154 2796 inertem.
