1866 3208
570 207 846 246 AENEIDOS
877 208 980 247 LIB.
1010 208 1072 246 VI
1521 221 1598 259 217

167 332 218 364 ut
242 317 450 380 primum
475 316 608 363 iuxta
634 314 763 362 stetit
788 315 1103 379 adgnovitque
1127 333 1210 379 per
1235 315 1422 362 umbras

166 385 432 441 obscuram,
460 383 650 446 qualem
675 382 831 446 primo
857 383 936 445 qui
964 399 1151 444 surgere
1175 399 1337 430 mense

167 464 247 498 aut
272 451 401 498 videt
426 464 506 496 aut
531 449 700 495 vidisse
726 462 861 511 putat
885 467 967 512 per
993 451 1157 498 nubila
1182 451 1361 507 lunam,

166 518 357 565 demisit
382 517 611 573 lacrimas,
639 516 865 578 dulcique
893 517 1072 563 adfatus
1100 534 1256 564 amore
1283 531 1351 564 est
1374 535 1385 564 z

134 585 338 631 ‘infelix
362 584 508 640 Dido,
532 600 666 630 verus
692 583 810 629 mihi
838 584 1033 630 nuntius
1060 601 1166 645 ergo

164 664 361 699 venerat
387 651 686 707 exstinctam,
712 651 932 713 ferroque
960 664 1169 697 extrema
1190 655 1437 698 secutam?

164 718 343 765 funeris
369 720 462 765 heu
489 717 574 764 tibi
602 734 737 764 causa
763 717 831 763 fui
853 721 869 764 ?
937 735 1022 779 per
1047 718 1196 764 sidera
1222 719 1342 776 iuro,

163 802 246 847 per
271 801 476 847 superOS,
502 798 548 831 et
573 784 609 831 si
635 802 727 847 qua
754 784 865 837 fides
890 786 1060 831 tellure
1087 785 1172 831 sub
1197 785 1291 832 ima
1318 799 1402 843 est,

164 852 358 909 invitus,
384 852 560 913 regina,
586 864 668 898 tuo
693 852 750 898 de
778 852 914 898 litore
940 851 1072 899 cessi.
1541 867 1605 905 460

163 919 245 966 sed
269 936 346 966 me
371 919 492 965 iussa
518 919 678 976 deum,
704 936 824 982 quae
851 935 981 965 nunc
1008 919 1126 965 has
1116 936 1182 965 ire
1207 936 1292 982 per
1318 918 1519 975 umbras,

161 1003 246 1062 per
271 986 374 1032 loca
399 999 530 1032 senta
557 986 647 1032 situ
674 1000 851 1046 cogunt
876 999 1164 1049 noctemque
1189 987 1488 1049 profundam,

161 1053 370 1116 imperiis
398 1069 532 1114 egere
558 1053 685 1110 suis3
722 1070 811 1099 nec
839 1053 1029 1100 credere
1056 1053 1185 1116 quivi

160 1121 290 1167 hunc
319 1133 504 1167 tantum
531 1120 616 1167 tibi
644 1137 720 1167 1116
746 1121 952 1167 discessu
980 1121 1098 1167 ferre
1124 1120 1350 1167 dolorem.

162 1187 270 1234 siste
295 1187 510 1249 gradum,
536 1200 678 1250 teque
705 1201 894 1250 aspectu
923 1204 983 1234 ne
1009 1188 1229 1234 subtrahe
1256 1201 1429 1234 nostro.

162 1271 306 1317 quem
323 1255 475 1315 fugis?
513 1268 780 1301 extremum
799 1255 910 1312 fato,
928 1255 1054 1319 quod
1074 1268 1119 1301 te
1137 1254 1380 1318 adloquor,
1397 1255 1487 1302 hoc
1505 1252 1602 1301 est.'

164 1321 334 1368 talibus
358 1323 544 1368 Aeneas
572 1322 816 1369 ardentem
844 1337 890 1368 et
918 1336 1046 1368 torva
1073 1335 1287 1368 tuentem

162 1388 343 1435 lenibat
369 1389 506 1435 dictis
534 1389 762 1445 animum,
792 1389 1101 1451 lacrimasque
1128 1388 1295 1436 ciebat.

162 1456 245 1502 illa
271 1456 369 1502 solo
395 1455 508 1501 fixos
535 1456 696 1502 oculos
724 1472 882 1502 aversa
910 1456 1102 1502 tenebat
1124 1475 1136 1511 ;

163 1539 252 1569 nec
278 1523 422 1583 magis
449 1523 643 1585 incepto
669 1523 858 1569 vultum
885 1539 1099 1569 sermone
1125 1536 1359 1579 movetur,
1543 1547 1605 1577 470

162 1606 304 1653 quam
330 1590 366 1635 si
393 1589 508 1636 dura
535 1590 653 1636 silex
679 1602 758 1635 aut
784 1604 873 1636 stet
901 1589 1142 1651 Marpesia
1169 1602 1344 1636 cauteS.

162 1657 354 1703 tandem
380 1657 608 1721 corripuit
634 1673 747 1713 sese,
773 1670 914 1718 atque
940 1656 1137 1702 inimica
1161 1656 1334 1716 refugit

161 1723 211 1770 in
238 1740 404 1770 nemus
431 1723 759 1780 umbriferum,
789 1723 1002 1769 coniunx
1028 1723 1109 1769 ubi
1134 1723 1363 1785 pristinus
1390 1723 1462 1770 illi

159 1791 412 1853 respondet
438 1791 579 1848 curis,
605 1804 870 1854 aequatque
899 1790 1138 1852 Sychaeus
1166 1807 1390 1838 amorem.

161 1875 250 1905 nec
277 1858 434 1905 minus
459 1859 662 1915 Aeneas,
691 1874 800 1904 casu
830 1874 1083 1904 concussus
1110 1857 1292 1921 iniquo,

159 1925 456 1989 prosequitur
481 1925 686 1972 lacrimis
713 1926 852 1987 longe
879 1939 927 1973 et
951 1925 1197 1972 miseratur
1223 1939 1433 1973 euntem.

228 1992 339 2038 inde
365 1992 528 2039 datum
554 1993 750 2039 molitur
775 1992 878 2041 iter.
950 1992 1140 2055 iamque
1167 2010 1274 2038 arva
1302 1993 1531 2040 tenebant

161 2059 346 2116 ultima,
372 2077 490 2122 quae
517 2060 644 2106 bello
671 2060 784 2106 clari
811 2073 990 2106 secreta
1016 2060 1340 2123 frequentant.

160 2127 239 2173 hic
266 2127 337 2173 illi
364 2127 573 2174 occurrit
599 2127 812 2189 Tydeus,
839 2127 916 2174 hic
946 2127 1155 2173 inclutus
1181 2126 1317 2173 armis

162 2194 546 2257 Parthenopaeus
573 2207 619 2240 et
643 2194 830 2240 Adrasti
857 2194 1077 2256 pallentis
1104 2193 1258 2255 imago
1279 2214 1293 2248 3
1541 2209 1604 2247 480

160 2261 239 2308 hic
265 2262 475 2308 multum
500 2260 599 2308 fleti
626 2261 684 2307 ad
709 2278 899 2324 superos
926 2261 1150 2324 belloque
1178 2260 1346 2307 caduci

161 2327 474 2385 Dardanidae,
502 2345 618 2392 quos
644 2328 726 2374 ille
753 2345 917 2374 omnes
945 2328 1086 2390 longo
1113 2328 1279 2374 ordine
1306 2343 1503 2374 cernens

163 2394 411 2455 ingemuit,
442 2396 800 2459 Glaucumque,
828 2395 1177 2458 Medontaque,
1204 2395 1602 2442 Thersilochum-

297 2480 405 2525 que,

165 2540 256 2574 tres
280 2529 607 2587 Antenoridas,
634 2530 896 2593 Cererique
923 2546 1107 2576 sacrum
1135 2529 1449 2592 Polypheten,

166 2594 475 2658 Idaeumque,
500 2598 644 2644 etiam
670 2614 848 2653 currus,
878 2597 1020 2644 etiam
1047 2613 1173 2643 arma
1198 2608 1457 2643 tenentem.

167 2661 474 2709 circumstant
499 2663 682 2710 animae
707 2665 872 2710 dextra
897 2665 1122 2726 laevaque
1147 2663 1433 2725 frequentes,

681 2741 759 2788 476
791 2741 1009 2779 lacrimans.
