1866 3208
584 259 858 297 AENEIDOS
889 259 992 297 LIB.
1023 259 1108 296 XII
1517 272 1590 312 355

169 368 346 414 sidereo
371 366 568 427 flagrans
593 364 749 427 clipeo
777 378 822 411 et
848 365 1129 411 caelestibus
1155 365 1307 423 armis,

170 447 216 482 et
242 435 373 481 iuxta
395 431 639 506 Ascanius,
667 448 860 492 magnae
887 449 988 494 spes
1014 432 1158 478 altera
1185 433 1380 490 Romae,

168 500 432 564 procedunt
457 498 632 556 castris,
644 515 868 574 puraque
894 499 944 544 in
969 511 1098 545 veste
1124 500 1336 545 sacerdos

168 566 379 627 saetigeri
406 567 559 612 fetum
586 566 677 612 suis
703 566 1038 629 intonsamque
1064 566 1308 612 bidentem
1537 593 1597 622 170

168 633 341 689 attulit,
369 633 670 696 admovitque
694 650 839 696 pecus
866 632 1170 693 flagrantibus
1195 633 1298 680 aris.

168 700 238 746 illi
264 701 321 746 ad
347 713 617 760 surgentem
644 699 856 746 conversi
882 699 1064 746 lumina
1090 701 1238 747 solem

166 767 281 813 dant
306 767 462 828 fruges
488 767 704 813 manibus
731 768 880 825 salsas,
908 780 955 813 et
982 780 1194 830 tempora
1219 768 1341 814 ferro

167 851 348 880 summa
374 847 542 880 notant
561 834 819 896 pecudum,
844 834 1113 897 paterisque
1139 835 1302 880 altaria
1329 835 1496 882 libant.

167 913 269 947 tum
296 901 399 963 pius
425 902 610 948 Aeneas
636 901 799 947 stricto
825 901 889 948 sic
917 918 1027 947 ense
1051 915 1270 963 precatur
1294 920 1303 948 :

168 980 265 1014 esto
292 985 421 1014 nunc
449 968 515 1014 sol
543 968 671 1014 testis
698 981 744 1014 et
769 970 885 1014 haec
913 968 1033 1014 mihi
1060 981 1181 1014 terra
1206 969 1410 1026 vocanti,

167 1051 308 1097 quam
336 1048 525 1097 propter
551 1048 704 1081 tantos
731 1035 864 1097 potui
890 1035 1097 1097 perferre
1124 1036 1320 1092 labores,

167 1114 215 1147 et
242 1101 379 1148 Pater
404 1102 720 1163 omnipotens,
748 1115 795 1149 et
821 1116 871 1148 tu
902 1102 1120 1149 Saturnia
1145 1102 1374 1159 coniunx,

165 1167 259 1214 iam
281 1169 463 1225 melior,
484 1169 594 1226 iam,
620 1169 740 1228 diva,
766 1187 933 1232 precor
955 1189 969 1224 3
1007 1182 1154 1232 tuque
1180 1169 1364 1216 inclute
1388 1171 1594 1226 Mavors,

165 1249 340 1282 cuncta
366 1249 448 1282 tuo
474 1236 554 1299 qui
582 1236 723 1293 bella,
748 1250 896 1298 pater,
926 1237 1011 1282 sub
1038 1236 1238 1283 numine
1266 1250 1452 1299 torques
1477 1258 1490 1293 3
1539 1252 1599 1283 180

165 1302 417 1366 fontesque
443 1302 704 1366 fluviosque
728 1321 861 1361 voco,
890 1321 1105 1366 quaeque
1132 1303 1333 1350 aetheris
1359 1304 1439 1350 alti

164 1369 343 1430 religio,
372 1383 419 1416 et
445 1388 564 1433 quae
591 1371 813 1417 caeruleo
841 1385 952 1417 sunt
979 1371 1178 1416 numina
1203 1384 1352 1433 ponto
1377 1389 1386 1416 ε

165 1437 355 1483 cesserit
380 1437 591 1483 Ausonio
618 1438 653 1483 si
681 1439 772 1483 fors
799 1438 997 1484 victoria
1026 1438 1214 1495 Turno,

165 1504 392 1550 convenit
419 1504 626 1550 Euandri
653 1505 800 1550 victos
829 1505 1075 1551 discedere
1103 1506 1159 1551 ad
1185 1506 1351 1552 urbem
1373 1527 1386 1561 3

165 1571 304 1617 cedet
329 1571 462 1617 Iulus
490 1571 640 1631 agris3
677 1589 764 1618 nec
792 1585 897 1634 post
925 1589 1047 1618 arma
1075 1573 1171 1618 ulla
1198 1573 1401 1618 rebelles

163 1637 416 1684 Aeneadae
443 1639 661 1696 referent,
690 1639 871 1685 ferrove
897 1641 1013 1685 haec
1041 1656 1184 1700 regna
1209 1640 1455 1686 lacessent.

163 1705 234 1751 sin
261 1717 475 1751 nostrum
501 1706 721 1752 adnuerit
747 1706 882 1752 nobis
909 1706 1109 1752 victoria
1138 1706 1434 1764 Martem,—

164 1786 217 1818 ut
241 1771 399 1834 potius
426 1789 544 1829 reor,
573 1785 620 1818 et
645 1773 802 1834 potius
829 1773 875 1819 di
903 1773 1102 1819 numine
1130 1773 1391 1819 firment—

163 1856 261 1885 non
289 1855 374 1899 ego
400 1856 487 1885 nec
515 1840 717 1886 Teucris
744 1841 888 1886 Italos
914 1857 1075 1902 parere
1102 1840 1293 1897 iubebo,

163 1923 253 1953 nec
280 1906 397 1952 mihi
425 1923 564 1967 regna
588 1920 732 1969 peto3
767 1907 955 1970 paribus
982 1925 1028 1954 se
1055 1907 1237 1968 legibus
1265 1908 1428 1954 ambae
1540 1932 1599 1963 190

163 1973 367 2020 invictae
393 1987 556 2035 gentes
583 1989 771 2021 aeterna
796 1974 845 2020 in
872 1975 1060 2021 foedera
1086 1975 1294 2022 mittant.

163 2058 288 2087 sacra
312 2040 518 2104 deosque
545 2042 694 2088 dabo·
681 2061 695 2096 3
733 2059 863 2088 socer
889 2059 1015 2088 arma
1043 2042 1241 2088 Latinus
1267 2042 1456 2098 habeto,

163 2107 418 2170 imperium
446 2109 678 2155 sollemne
704 2126 867 2165 socer3
905 2109 1022 2154 mihi
1051 2109 1240 2155 moenia
1266 2109 1445 2154 Teucri

164 2174 473 2231 constituent,
503 2175 702 2238 urbique
727 2175 859 2222 dabit
885 2176 1082 2222 Lavinia
1110 2174 1317 2222 nomen.'

165 2241 230 2287 sic
256 2241 384 2303 prior
407 2243 622 2299 Aeneas3
659 2243 872 2305 sequitur
898 2243 961 2289 sic
991 2243 1164 2289 deinde
1191 2243 1407 2299 Latinus,

166 2308 423 2370 suspiciens
450 2310 638 2355 caelum
667 2309 916 2372 tenditque
944 2311 1003 2356 ad
1028 2310 1179 2356 sidera
1204 2310 1420 2356 dextram
1441 2328 1450 2356 :

165 2375 280 2421 haec
306 2376 484 2433 eadem,
511 2377 689 2432 Aenea,
716 2390 903 2434 terram,
930 2394 1071 2434 mare,
1097 2377 1300 2433 sidera,
1289 2394 1406 2433 1uro,

167 2440 471 2505 Latonaeque
496 2460 643 2504 genus
669 2443 862 2506 duplex,
891 2445 1158 2507 Ianumque
1184 2444 1456 2500 bifrontem,

166 2523 359 2569 vlmque
384 2509 526 2556 deum
552 2510 787 2557 infernam
815 2524 862 2557 et
888 2511 992 2558 duri
1019 2511 1212 2557 sacraria
1235 2511 1393 2558 Ditis·
1380 2531 1394 2568 3

168 2573 328 2619 audiat
353 2575 465 2621 haec
493 2577 713 2634 Genitor,
739 2578 820 2641 qui
848 2579 1035 2625 foedera
1062 2578 1265 2625 fulmine
1292 2578 1456 2624 sancit
1536 2603 1597 2624 200

169 2653 310 2700 tango
336 2658 450 2698 araS,
474 2644 652 2691 medios
679 2644 808 2706 ignes
837 2659 883 2692 et
910 2646 1108 2692 numina
1134 2659 1310 2692 testor:

169 2707 301 2753 nulla
326 2707 424 2753 dies
450 2725 613 2769 pacem
639 2712 762 2758 hanc
790 2712 921 2758 Italis
948 2730 1035 2760 nec
1064 2713 1253 2759 foedera
1273 2725 1476 2774 rumpet,

712 2801 726 2826 1
736 2789 754 2826 8
763 2789 781 2826 8
813 2791 984 2829 numina.
