1866 3208
581 233 856 271 AENEIDos
887 233 990 272 LIB.
1021 233 1105 270 XII
1523 237 1596 286 367

169 361 400 408 nusquam
424 343 544 390 acies
570 353 733 387 contra
758 341 975 399 Rutulas,
1003 342 1135 387 nulla
1160 342 1346 403 agmina
1374 343 1564 390 Turni:

167 412 338 458 infelix
363 425 548 472 pugnae
573 407 798 454 iuvenem
823 408 874 454 in
900 409 1159 455 certamine
1185 410 1337 456 credit

168 478 472 532 exstinctum,
499 488 560 532 et,
588 475 744 521 subito
769 489 983 522 mentem
1008 476 1192 523 turbata
1218 477 1395 534 dolore,

166 562 213 592 se
238 558 422 591 causam
448 543 620 589 clamat
645 542 922 605 crimenque
949 556 1187 606 caputque
1213 544 1461 601 malorum,
1541 560 1601 591 600

165 611 408 672 multaque
433 626 518 672 per
542 622 774 657 maestum
799 610 993 656 demens
1021 611 1156 656 effata
1183 611 1406 668 furorem,

161 694 427 741 purpureos
451 677 679 723 moritura
705 693 848 723 manu
873 677 1099 723 discindit
1124 677 1338 734 amictus,

163 757 208 791 et
233 744 412 790 nodum
437 743 652 791 informis
678 744 760 790 leti
788 744 917 791 trabe
945 744 1093 790 nectit
1118 744 1174 790 ab
1199 745 1306 792 alta.

163 828 304 874 quam
330 811 515 857 cladem
540 811 735 857 miserae
759 825 1008 874 postquam
1034 828 1259 873 accepere
1285 812 1498 868 Latinae,

163 878 256 924 filia
281 878 435 940 prima
460 895 603 924 manu
629 877 770 924 flavos
797 878 993 924 Lavinia
1018 878 1170 924 crines

163 959 209 992 et
234 962 382 991 roseas
410 945 580 991 laniata
606 961 760 1006 genas,
788 958 894 992 tum
920 959 1074 992 cetera
1101 946 1283 992 circum

163 1013 298 1059 turba
325 1013 470 1067 furit3
506 1026 727 1059 resonant
753 1013 844 1059 late
870 1013 1174 1075 plangoribus
1198 1013 1349 1060 aedes,

160 1080 274 1126 hinc
301 1092 448 1126 totam
474 1079 645 1126 infelix
669 1080 886 1140 vulgatur
912 1080 1034 1125 fama
1058 1097 1143 1142 per
1168 1080 1349 1128 urbem.

160 1146 422 1193 demittunt
447 1159 660 1201 mente53
697 1147 735 1194 it
760 1147 895 1193 scissa
919 1161 1047 1194 veste
1073 1147 1288 1204 Latinus,

161 1213 374 1274 coniugis
400 1213 628 1259 attonitus
653 1214 759 1260 fatis
785 1214 1007 1277 urbisque
1034 1214 1185 1272 ruina,
1539 1230 1599 1260 610

160 1280 387 1327 canitiem
412 1280 648 1327 inmundo
672 1282 910 1344 perfusam
936 1282 1131 1343 pulvere
1157 1295 1349 1344 turpans

161 1347 428 1410 [multaque
455 1365 500 1394 se
525 1347 724 1406 incusat,
753 1348 833 1411 qui
861 1365 958 1394 non
984 1349 1222 1411 acceperit
1247 1362 1356 1394 ante

159 1413 455 1460 Dardanium
480 1416 695 1472 Aenean,
723 1432 1048 1478 generumque
1074 1416 1231 1462 3ἀ5ε11
1235 1416 1320 1462 erit
1347 1415 1508 1478 ultro}

226 1481 405 1527 interea
433 1495 646 1528 extremo
673 1482 905 1528 bellator
895 1500 944 1528 ln
972 1500 1174 1557 aequore
1202 1483 1399 1529 Turnus

158 1548 369 1623 palantes
397 1549 608 1611 sequitur
631 1566 806 1612 paucos
833 1550 926 1595 iam
955 1550 1157 1610 segnior,
1181 1564 1322 1612 atque

159 1615 251 1661 iam
278 1615 435 1661 minus
461 1629 602 1678 atque
627 1616 785 1662 minus
811 1634 1029 1663 successu
1056 1617 1205 1663 laetus
1233 1633 1478 1679 equorum.

159 1682 321 1728 attulit
345 1684 473 1729 hunc
500 1683 571 1729 illi
598 1683 747 1730 caecis
774 1684 1027 1730 terroribus
1052 1701 1160 1730 aura

159 1749 476 1796 commixtum
502 1751 776 1807 clamorem,
802 1765 1096 1813 arrectasque
1125 1751 1304 1813 inpulit
1328 1768 1461 1797 aures

159 1817 381 1863 confusae
407 1834 545 1863 sonus
573 1817 700 1863 urbis
728 1830 774 1864 et
800 1817 1075 1864 inlaetabile
1102 1835 1331 1864 murmur.

157 1882 235 1928 hei
262 1883 396 1941 mihi,
425 1884 542 1947 quid
569 1897 700 1931 tanto
727 1884 980 1931 turbantur
1007 1885 1195 1931 moenia
1221 1885 1388 1931 luctu?
1536 1900 1597 1931 620

158 1949 318 2024 quisve
344 1951 438 1996 ruit
464 1964 620 1998 tantus
646 1952 821 1998 diversa
848 1952 1026 1998 clamor
1052 1952 1110 1998 ab
1137 1952 1250 1998 urbe
1267 1951 1305 1997 ?'

158 2016 223 2062 sic
249 2016 328 2074 ait,
355 2018 664 2081 adductisque
689 2036 851 2066 amens
879 2019 1087 2066 subsistit
1112 2019 1322 2065 habenis.

156 2096 298 2158 atque
323 2084 454 2141 huic,
480 2085 530 2130 in
558 2086 728 2132 faciem
755 2103 882 2132 soror
910 2099 961 2132 ut
987 2104 1207 2133 conversa
1236 2086 1431 2132 Metisci

157 2150 342 2211 aurigae
369 2168 655 2226 currumque
683 2167 728 2199 et
755 2170 898 2216 equos
927 2166 974 2199 et
999 2154 1097 2199 lora
1123 2153 1327 2215 regebat,

157 2217 328 2264 talibus
353 2219 558 2266 occurrit
583 2219 751 2267 dictis:
792 2227 804 2247 ⁴
822 2222 925 2279 hac,
955 2221 1141 2278 Turne,
1168 2237 1418 2284 sequamur

158 2283 472 2345 Troiugenas,
498 2303 588 2349 qua
613 2287 766 2348 prima
790 2287 914 2334 viam
940 2288 1134 2334 victoria
1160 2288 1356 2350 pandit·
1344 2323 1358 2341 ‚

158 2364 266 2398 sunt
290 2352 385 2410 alii,
413 2353 494 2416 qui
520 2367 643 2400 tecta
668 2370 812 2400 manu
839 2354 1100 2401 defendere
1125 2354 1318 2417 possint.

159 2415 336 2477 ingruit
359 2420 545 2466 Aeneas
571 2420 701 2466 Italis
730 2435 776 2467 et
800 2421 979 2484 proelia
1005 2422 1202 2476 miscet3

160 2495 206 2528 et
232 2499 315 2530 nos
339 2503 468 2533 saeva
493 2505 636 2534 manu
663 2488 906 2534 mittamus
930 2489 1096 2535 funera
1123 2489 1342 2535 Teucris.

160 2565 246 2595 nec
273 2566 469 2599 numero
493 2554 702 2613 inferior,
728 2572 916 2618 pugnae
942 2573 1031 2602 nec
1057 2557 1237 2602 honore
1262 2555 1480 2602 recedes?
1532 2570 1593 2608 630

160 2615 356 2662 Turnus
381 2618 438 2663 ad
461 2620 606 2668 haec:

126 2687 186 2728 ‘o
212 2700 350 2740 soror,
378 2696 425 2730 et
449 2685 629 2733 dudum
653 2689 872 2749 adgnovi,
897 2706 1007 2736 cum
1034 2690 1184 2752 prima
1209 2707 1293 2752 per
1317 2703 1467 2735 artem

559 2763 632 2813 605
667 2765 792 2804 floros.
906 2767 982 2814 607
1014 2770 1121 2805 latae.
