1866 3208
554 220 829 258 AENEIDos
859 220 962 258 LIB.
993 220 1032 256 x
1471 232 1542 271 315

113 343 232 385 tum,
258 328 454 375 latebras
480 326 676 381 animae,
703 339 867 387 pectus
893 342 1122 372 mucrone
1145 326 1366 372 recludit.

113 396 222 442 talia
246 411 327 457 per
353 410 538 454 campos
566 392 733 438 edebat
759 393 925 439 funera
949 393 1117 439 ductor

109 461 387 515 Dardanius,
416 458 635 505 torrentis
661 476 804 521 aquae
831 461 906 506 vel
934 460 1135 506 turbinis
1161 459 1246 507 atri

110 545 236 576 more
262 528 435 573 furens.
506 526 696 572 tandem
724 542 980 589 erumpunt
1005 541 1052 574 et
1081 541 1227 574 castra
1251 527 1529 590 relinquunt

109 594 337 642 Ascanius
363 610 478 656 puer
503 607 548 639 et
575 592 865 656 nequiquam
891 594 1106 640 obsessa
1095 608 1332 641 iuventus.

176 663 412 708 Iunonem
438 661 619 706 interea
644 661 899 722 compellat
925 661 1141 736 Iuppiter
1166 662 1320 708 ultro:

109 747 136 775 0
159 744 378 790 germana
404 727 520 773 mihi
549 741 689 790 atque
717 727 879 773 eadem
905 729 1161 789 gratissima
1189 728 1416 785 coniunx,

109 808 159 842 ut
183 795 360 851 rebare,
385 795 709 840 Venus—nec
739 808 782 841 te
810 795 1042 841 sententia
1070 795 1261 841 fallit—

108 861 337 908 Troianas
363 875 592 908 sustentat
619 878 746 924 opes,
772 879 867 907 non
895 862 1050 908 vivida
1078 862 1203 908 bello

106 930 267 976 dextra
292 928 400 975 viris
426 928 705 991 animusque
733 929 863 974 ferox
889 929 1167 992 patiensque
1192 929 1394 992 pericli.’
1484 944 1546 977 610

106 996 183 1042 cui
210 997 333 1042 Iuno
359 995 612 1042 submissa:
651 1001 663 1020 ‘
683 995 811 1058 quid,
841 1013 868 1042 o
892 996 1212 1058 pulcherrime
1240 996 1468 1054 coniunx,

105 1063 325 1109 sollicitas
353 1080 539 1124 aegram
565 1076 611 1110 et
637 1076 716 1109 tua
743 1063 891 1109 tristia
915 1063 1041 1109 dicta
1067 1063 1350 1110 timentem?

104 1130 139 1176 si
165 1130 300 1187 mihi,
326 1148 444 1192 quae
471 1130 708 1193 quondam
737 1130 903 1187 fuerat,
929 1147 1166 1193 quamque
1193 1147 1288 1177 esse
1314 1130 1528 1187 decebat,

105 1197 171 1243 vis
197 1197 246 1243 in
272 1214 427 1243 amore
455 1198 603 1255 foret!
679 1214 776 1243 non
802 1199 892 1243 hoc
920 1197 1037 1243 mihi
1064 1215 1270 1260 namque
1298 1215 1502 1259 negares,

107 1264 422 1327 omnipotens,
451 1264 567 1327 quin
596 1278 642 1311 et
667 1281 855 1327 pugnae
882 1264 1143 1311 subducere
1172 1265 1415 1321 Turnum,

103 1344 148 1378 et
172 1331 346 1378 Dauno
371 1348 552 1394 possem
580 1332 874 1378 incolumem
900 1348 1080 1378 servare
1106 1332 1308 1394 parenti.

103 1415 232 1445 nunc
258 1412 432 1461 pereat,
463 1399 762 1462 Teucrisque
788 1399 866 1461 pio
890 1399 970 1445 det
996 1399 1221 1460 sanguine
1248 1416 1437 1462 poenaS.

102 1465 183 1511 ille
210 1478 369 1512 tamen
396 1480 550 1512 nostra
577 1466 769 1512 deducit
795 1466 974 1527 origine
1002 1483 1196 1523 nomen,

105 1532 448 1596 Pilumnusque
476 1532 546 1578 illi
574 1546 765 1595 quartus
791 1547 952 1595 pater,
938 1550 955 1562 ·
990 1546 1035 1580 et
1061 1547 1141 1580 tua
1166 1534 1290 1594 larga

100 1616 234 1662 saepe
260 1615 402 1646 manu
430 1600 686 1663 multisque
714 1600 924 1646 oneravit
950 1600 1116 1646 limina
1140 1601 1304 1648 donis?
1482 1617 1544 1647 620

101 1667 177 1713 cui
205 1683 287 1713 rex
313 1667 508 1713 aetherii
538 1667 739 1714 breviter
765 1667 828 1714 sic
856 1668 980 1713 fatur
1007 1668 1235 1729 Olympi:

101 1733 137 1780 si
164 1750 292 1780 mora
317 1734 572 1797 praesentis
601 1734 682 1780 leti
710 1747 991 1797 tempusque
1018 1735 1197 1781 caduco

100 1814 256 1847 oratur
282 1801 461 1858 iuveni,
487 1818 659 1864 meque
687 1803 777 1848 hoc
805 1801 869 1848 ita
894 1818 1069 1864 ponere
1096 1802 1261 1859 sentis,

100 1868 213 1914 tolle
240 1869 348 1930 fuga
373 1868 598 1916 Turnum
628 1882 767 1931 atque
795 1869 1078 1917 instantibus
1105 1869 1232 1932 eripe
1259 1869 1380 1917 fatis.

98 1937 325 1982 hactenus
350 1935 597 1983 indulsisse
625 1949 772 1983 vacat.
846 1936 916 1982 sin
945 1936 1081 1983 altior
1106 1936 1204 1983 istis

99 2002 183 2048 sub
208 2002 423 2064 precibus
448 2003 588 2050 venia
615 2004 711 2050 ulla
737 2004 864 2060 latet,
894 2017 1143 2067 totumque
1169 2004 1346 2050 moveri

99 2069 329 2116 mutarive
354 2083 489 2132 putas
514 2070 714 2126 bellum,
742 2088 841 2132 spes
868 2070 1016 2132 pascis
1041 2070 1233 2117 inanes?

98 2149 144 2183 et
168 2137 293 2182 Iuno
319 2137 656 2184 adlacrimans:
695 2143 708 2162 ‘
725 2137 840 2200 quid
866 2137 919 2194 si,
945 2154 1065 2200 quae
1090 2154 1204 2184 voce
1231 2137 1442 2198 gravari5‚

97 2217 256 2250 mente
282 2204 431 2261 dares,
457 2218 594 2267 atque
621 2205 737 2251 haec
766 2205 937 2251 Turno
963 2217 1059 2250 rata
1083 2204 1178 2251 vita
1203 2209 1447 2251 maneret?

97 2287 225 2317 nunc
251 2285 412 2318 manet
437 2271 675 2319 insontem
701 2271 847 2332 gravis
876 2272 1062 2329 exitus3
1100 2285 1179 2318 aut
1205 2289 1291 2333 ego
1315 2272 1412 2319 veri
1475 2287 1538 2326 630

97 2354 213 2384 vana
239 2338 375 2386 feror.
447 2339 575 2402 quod
600 2353 651 2386 ut
677 2357 704 2385 ο
729 2339 884 2401 potius
912 2339 1165 2386 formidine
1192 2339 1304 2385 falsa

96 2404 243 2462 ludar,
271 2418 317 2452 et
342 2406 391 2452 in
418 2406 587 2453 melius
615 2420 710 2463 tua,
737 2407 818 2470 qui
844 2421 994 2469 potes,
1021 2424 1120 2454 orsa
1145 2405 1411 2454 reflectasl’

96 2472 211 2517 haec
238 2472 318 2518 ubi
343 2473 470 2521 dicta
494 2474 642 2531 dedit,
669 2475 800 2521 caelo
826 2491 871 2521 se
897 2474 1112 2538 protinus
1138 2475 1233 2520 alto

96 2536 239 2593 misit,
264 2555 402 2599 agens
427 2540 654 2598 hiemem,
680 2541 845 2589 nimbo
871 2542 1128 2599 succincta,
1155 2558 1239 2605 per
1264 2558 1409 2596 auraS,

95 2604 383 2667 Iliacamque
408 2607 558 2654 aciem
585 2622 631 2655 et
655 2608 911 2656 Laurentia
935 2622 1084 2656 castra
1108 2608 1292 2670 petivit.

96 2683 198 2717 tum
224 2670 309 2717 dea
335 2672 462 2719 nube
488 2690 601 2720 cava
625 2688 819 2722 tenuem
845 2676 945 2722 sine
971 2676 1147 2721 viribus
1173 2673 1386 2721 umbram

581 2751 658 2788 612
690 2752 800 2791 iussa.
912 2753 985 2789 621
1019 2753 1133 2790 fatus.
