1866 3208
233 257 277 294 P.
307 254 541 293 VERGILI
571 253 833 291 MARONIS
852 252 1128 290 AENEIDOS
1159 252 1262 289 LIB.
1284 253 1346 289 XI
1459 263 1533 303 325

114 361 404 418 muneribus,
431 371 749 420 maestamque
776 359 987 405 Euandri
1013 358 1196 422 primus
1222 359 1276 404 ad
1305 359 1468 405 urbem

112 430 324 476 mittatur
350 427 514 482 Pallas,
540 441 685 487 quem
713 443 809 472 non
837 426 1020 473 virtutis
1048 439 1265 487 egentem

112 494 300 542 abstulit
325 506 421 539 atra
444 492 540 538 dies
568 506 614 538 et
640 492 808 539 funere
835 494 998 540 mersit
1024 491 1221 540 acerbo!

178 562 241 608 sic
268 561 331 606 ait
356 559 658 606 inlacrimans
685 559 951 622 recipitque
978 561 1035 606 ad
1060 560 1227 606 limina
1252 576 1459 620 gressum
1486 578 1495 605 :

112 645 278 691 corpus
304 626 384 673 ubi
411 626 617 672 exanimi
644 626 852 688 positum
881 627 1105 673 Pallantis
1129 628 1331 674 Acoetes
1503 651 1542 681 30

111 695 319 742 servabat
345 693 513 750 senior,
540 693 620 756 qui
652 693 892 739 Parrhasio
915 694 1135 740 Euandro

111 761 310 822 armiger
336 775 443 807 ante
471 760 575 817 fuit,
605 761 685 806 sed
712 778 808 806 non
835 761 1055 807 felicibus
1081 777 1227 823 aeque

110 843 211 876 tum
243 845 399 874 comes
427 827 646 889 auspiciis
675 844 782 874 caro
808 827 940 873 datus
968 828 1065 874 ibat
1091 828 1301 874 alumno.

110 897 291 943 circum
316 894 469 942 omnis
494 895 825 957 famulumque
851 911 1017 940 manus
1045 894 1350 958 Troianaque
1379 893 1513 941 turba

111 976 156 1009 et
180 976 410 1009 maestum
435 961 605 1008 Iliades
635 961 817 1008 crinem
845 962 901 1008 de
928 978 1056 1008 more
1083 962 1276 1008 solutae.

111 1044 162 1076 ut
190 1047 298 1076 vero
323 1030 506 1075 Aeneas
534 1028 712 1075 foribus
741 1046 836 1075 sese
864 1028 1029 1075 intulit
1056 1029 1176 1085 altis,

110 1098 355 1158 ingentem
380 1096 611 1156 gemitum
639 1096 788 1142 tunsis
814 1096 871 1142 ad
897 1096 1045 1142 sidera
1070 1096 1248 1142 tollunt

109 1163 393 1226 pectoribuS,
419 1177 690 1225 maestoque
718 1163 924 1223 inmugit
949 1163 1073 1223 regia
1099 1163 1251 1209 luctu·

108 1232 223 1293 ipse,
249 1243 390 1292 caput
417 1230 541 1276 nivei
571 1230 747 1276 fultum
777 1230 1001 1276 Pallantis
1027 1243 1074 1277 et
1100 1247 1177 1276 ora

111 1311 161 1344 ut
185 1297 304 1344 vidit
330 1297 518 1360 levique
544 1311 708 1360 patens
735 1297 786 1343 in
812 1311 1004 1360 pectore
1030 1298 1202 1343 vulnus
1506 1321 1547 1348 40

110 1364 312 1427 cuspidis
338 1364 590 1421 Ausoniae,
620 1365 826 1411 lacrimis
851 1365 916 1411 ita
941 1366 1064 1411 fatur
1090 1363 1264 1410 obortis
1288 1382 1298 1410 ε

111 1432 254 1487 tene,'
280 1431 453 1494 inquit,
485 1436 498 1457 ‘
517 1432 784 1478 miserande
810 1449 945 1494 puer,
972 1448 1082 1478 cum
1112 1432 1232 1478 laeta
1255 1430 1453 1485 veniret,

110 1499 283 1545 invidit
308 1499 499 1544 fortuna
524 1498 656 1555 mihi,
686 1515 746 1545 ne
775 1515 917 1559 regna
941 1499 1120 1544 videres

109 1579 279 1621 nostra,
306 1583 464 1628 neque
491 1565 548 1612 ad
575 1566 702 1612 sedes
731 1565 882 1612 fictor
907 1567 1131 1612 veherere
1158 1568 1408 1627 paternas?

111 1650 207 1679 non
233 1634 348 1679 haec
378 1633 604 1679 Euandro
631 1633 689 1679 de
717 1647 762 1680 te
790 1633 1015 1695 promissa
1040 1632 1222 1694 parenti

110 1700 357 1746 discedens
381 1699 617 1757 dederam,
649 1716 759 1746 cum
787 1717 863 1746 me
891 1700 1167 1762 complexus
1195 1712 1389 1744 euntem

110 1767 319 1813 mitteret
345 1767 395 1813 in
422 1783 648 1828 magnum
679 1767 948 1829 imperium,
977 1780 1291 1828 metuensque
1319 1778 1536 1811 moneret

112 1851 237 1880 acres
262 1851 357 1880 esse
382 1834 520 1890 viros,
547 1850 658 1880 cum
687 1834 802 1880 dura
830 1834 1006 1896 proelia
1032 1848 1190 1894 gente.

112 1914 158 1947 et
183 1918 313 1948 nunc
341 1901 422 1947 ille
448 1901 641 1964 quidem
669 1918 748 1964 spe
777 1902 986 1948 multum
1015 1914 1178 1963 captus
1205 1899 1334 1946 inani

112 1968 205 2014 fors
232 1981 278 2014 et
303 1982 409 2014 vota
434 1968 564 2024 facit,
591 1969 904 2031 cumulatque
933 1968 1094 2014 altaria
1121 1967 1254 2014 donis
1278 1987 1291 2023 ;
1511 1989 1551 2019 50

112 2052 197 2081 nos
223 2034 446 2081 iuvenem
472 2035 747 2082 exanimum
779 2049 825 2082 et
851 2036 920 2082 nil
949 2035 1041 2081 iam
1068 2034 1346 2081 caelestibus
1374 2032 1480 2079 ullis

113 2102 366 2148 debentem
392 2119 513 2148 vano
538 2102 702 2149 maesti
732 2102 1017 2148 comitamur
1041 2103 1238 2148 honore.

114 2168 299 2226 infelix,
327 2168 424 2215 nati
451 2169 594 2215 funus
622 2169 816 2216 crudele
845 2169 1041 2215 videbis.

113 2236 162 2282 hi
189 2235 333 2282 nostri
358 2236 549 2291 reditus,
578 2236 933 2299 exspectatique
961 2235 1226 2298 triumphi?

113 2304 229 2349 haec
256 2319 360 2349 mea
384 2320 553 2364 magna
578 2303 725 2349 fides?
798 2317 842 2349 at
868 2320 979 2361 non,
1010 2302 1247 2359 Euandre,
1275 2301 1507 2364 pudendis

115 2370 390 2417 vulneribus
415 2371 608 2433 pulsum
636 2369 827 2432 aspicies
852 2391 865 2426 3
905 2388 992 2417 nec
1022 2369 1191 2432 sospite
1217 2369 1372 2415 dirum

117 2436 298 2498 optabis
323 2451 434 2484 nato
460 2438 603 2484 funus
629 2452 773 2500 pater.
847 2437 924 2483 hei
953 2437 1088 2493 mihi,
1116 2451 1351 2499 quantum

118 2503 402 2565 praesidium
426 2505 637 2551 Ausonia
663 2519 710 2552 et
735 2518 971 2567 quantum
1000 2518 1050 2551 tu
1078 2504 1253 2566 perdiS,
1279 2503 1384 2549 Iule
1409 2502 1416 2549 Ξ
1439 2502 1449 2522 ’

186 2570 299 2616 haec
327 2570 406 2616 ubi
431 2571 642 2628 deflevit,
666 2572 771 2619 tolli
797 2571 1063 2618 miserabile
1092 2588 1261 2634 corpus

121 2635 336 2697 imperat,
361 2650 407 2683 et
431 2650 528 2684 toto
554 2639 698 2685 lectos
724 2655 781 2685 ex
807 2639 992 2699 agmine
1019 2638 1166 2685 mittit
1513 2648 1554 2679 60

121 2702 255 2749 mille
281 2702 418 2761 virOS,
445 2704 525 2766 qui
551 2721 822 2767 supremum
849 2705 1138 2752 comitentur
1163 2706 1406 2756 honorem,

691 2782 742 2820 60
771 2782 913 2820 ordine.
