1866 3208
562 108 576 137 Ι

275 281 352 322 252
441 272 485 311 P.
515 271 748 310 VERGILI
779 271 1036 310 MARONIS
1067 272 1340 310 AENEIDOS
1371 272 1473 311 LIB.
1509 273 1594 311 VII

341 378 466 425 filius
490 379 707 425 ardentes
732 378 860 424 haud
885 378 1028 425 setius
1054 395 1255 442 aequore
1280 378 1435 441 campi

340 445 588 492 exercebat
613 461 757 520 equos
781 461 1015 508 curruque
1039 445 1090 492 in
1116 446 1240 492 bella
1264 445 1443 492 ruebat.

349 548 353 553 .
407 511 506 573 ipse
532 511 659 557 inter
681 510 858 573 primos
884 512 1141 573 praestanti
1168 529 1363 574 corpore
1391 511 1588 558 Turnus

339 577 542 623 vertitur
567 594 693 623 arma
721 590 905 653 tenens,
934 591 980 625 et
1007 591 1107 625 toto
1132 579 1311 628 vertice
1338 595 1475 640 supra
1502 591 1606 626 est:

339 643 415 690 cui
444 643 621 706 triplici
650 643 820 690 crinita
846 644 956 690 iuba
982 645 1112 705 galea
1138 645 1231 691 alta
1259 644 1566 691 Chimaeram

339 709 556 767 sustinet,
583 711 821 756 Aetnaeos
849 712 1086 758 efflantem
1113 711 1367 758 faucibus
1356 728 1502 771 lgnes‚

339 789 435 822 tam
461 776 605 837 magis
632 776 713 823 illa
738 777 943 824 fremens
972 791 1018 824 et
1044 777 1254 824 tristibus
1281 777 1422 823 effera
1446 776 1661 835 flammis,
1863 798 1866 870 ⁴

339 859 481 905 quam
507 843 652 904 magis
679 844 827 890 effuso
853 844 1143 891 crudescunt
1166 844 1394 905 sanguine
1419 860 1623 906 pugnae.
1863 877 1866 943 1

1864 1005 1866 1027 l

338 922 385 955 at
411 909 566 955 levem
592 909 802 971 clipeum
827 910 1021 957 sublatis
1049 911 1271 958 cornibus
1298 911 1351 956 Io

338 992 451 1021 auro
476 975 749 1036 insignibat,
775 976 870 1023 iarn
896 977 1033 1023 saetis
1060 977 1226 1052 obsita,
1254 977 1348 1024 iam
1374 977 1472 1035 bos,
1703 1001 1767 1034 790

338 1056 672 1102 argumentum
698 1042 879 1103 ingens,
908 1057 955 1089 et
980 1057 1137 1090 custos
1163 1043 1357 1104 virginis
1381 1045 1551 1104 Argus,

337 1108 614 1183 caelataque
640 1126 832 1156 amnem
859 1109 1064 1156 fundens
1089 1124 1225 1172 pater
1249 1110 1455 1157 Inachus
1483 1127 1615 1157 urna.

336 1174 607 1250 insequitur
632 1175 821 1221 nimbus
847 1176 1080 1238 peditum,
1107 1177 1405 1240 clipeataque
1433 1176 1542 1223 totis

337 1242 523 1302 agmina
549 1242 813 1288 densentur
837 1243 1031 1304 campis,
1057 1243 1325 1306 Argivaque
1349 1243 1499 1305 pubes

335 1309 688 1371 Auruncaeque
715 1326 896 1366 manus,
925 1308 1095 1355 Rutuli
1121 1323 1400 1372 veteresque
1427 1309 1601 1367 Sicani,

338 1387 385 1421 et
413 1376 641 1421 Sacranae
669 1375 790 1422 acies
818 1388 865 1422 et
889 1375 1008 1438 picti
1034 1388 1166 1422 scuta
1192 1375 1357 1422 Labici
1382 1397 1394 1432 ;

337 1441 417 1504 qui
445 1442 604 1499 saltus,
633 1442 884 1499 Tiberine,
913 1455 1032 1499 tuos,
1060 1458 1341 1505 sacrumque
1366 1441 1568 1490 Numici

336 1508 448 1554 litus
475 1521 622 1566 arant,
651 1509 954 1572 Rutulosque
982 1522 1208 1555 exercent
1232 1525 1425 1555 vomere
1450 1509 1612 1566 colleS,

337 1574 689 1638 Circaeumque
716 1576 896 1636 iugum,
922 1575 1026 1638 quis
1053 1575 1270 1637 Iuppiter
1292 1577 1517 1622 Anxurus
1543 1575 1661 1622 arvis

334 1642 586 1704 praesidet,
615 1655 662 1688 et
686 1642 825 1688 viridi
852 1643 1060 1702 gaudens
1088 1642 1288 1688 Feronia
1313 1643 1423 1688 luco
1445 1663 1460 1699 3
1700 1656 1765 1689 800

335 1725 427 1770 qua
455 1709 650 1754 Saturae
676 1708 800 1754 iacet
826 1721 922 1754 atra
947 1709 1097 1771 palus,
1124 1708 1404 1771 gelidusque
1428 1725 1514 1771 per
1538 1708 1654 1754 imas

336 1774 520 1837 quaerit
546 1775 637 1821 iter
661 1776 806 1821 valles
833 1788 976 1837 atque
1002 1775 1051 1821 in
1079 1792 1207 1822 mare
1233 1775 1458 1821 conditur
1484 1775 1658 1822 Ufens.

402 1842 485 1887 hos
512 1858 651 1904 super
676 1841 870 1888 advenit
895 1842 1070 1887 Volsca
1096 1842 1155 1887 de
1179 1855 1321 1902 gente
1349 1841 1571 1899 Camilla,

336 1924 504 1968 agmen
531 1924 669 1968 agens
697 1908 914 1971 equiturn
941 1921 988 1954 et
1014 1907 1236 1954 florentes
1262 1925 1367 1954 acre
1394 1921 1618 1966 catervas,

335 1974 574 2033 bellatrix,
602 1992 699 2020 non
726 1975 808 2021 illa
835 1975 941 2021 colo
968 1975 1226 2021 calathisve
1256 1975 1510 2020 Minervae

335 2041 564 2087 femineas
591 2041 784 2088 adsueta
812 2059 994 2099 manus,
1022 2042 1102 2087 sed
1128 2041 1307 2104 proelia
1333 2041 1463 2101 virgo

334 2108 451 2154 dura
475 2108 590 2170 pati,
618 2125 854 2171 cursuque
879 2108 1057 2183 pedum
1082 2121 1379 2170 praevertere
1405 2121 1588 2155 ventos.

335 2174 417 2220 illa
443 2175 519 2220 vel
547 2174 756 2221 intactae
783 2175 951 2236 segetis
977 2192 1060 2237 per
1085 2191 1268 2220 summa
1294 2175 1472 2221 volaret

333 2241 560 2301 gramina,
589 2259 676 2288 nec
706 2255 889 2288 teneras
917 2259 1054 2288 cursu
1082 2241 1290 2288 laesisset
1316 2241 1509 2287 aristas·
1497 2277 1511 2296 ,

334 2307 410 2353 vel
433 2324 558 2354 mare
586 2325 669 2370 per
694 2309 922 2366 medium,
950 2308 1099 2354 fluctu
1127 2324 1348 2370 suspensa
1375 2306 1595 2362 tumenti,
1700 2320 1765 2354 810

333 2374 479 2419 ferret
504 2374 608 2431 iter,
636 2375 813 2420 celeres
841 2380 929 2420 n'ec
958 2375 1197 2435 tingueret
1223 2390 1426 2436 aequore
1451 2373 1654 2435 plantas.

335 2439 466 2486 illam
492 2440 645 2486 omnis
674 2441 810 2487 tectis
838 2441 1052 2503 agrisque
1080 2441 1224 2486 effusa
1250 2440 1472 2485 iuventus

336 2507 570 2582 turbaque
595 2507 794 2552 miratur
820 2520 1025 2553 matrum
1052 2520 1099 2553 et
1123 2518 1394 2568 prospectat
1419 2519 1631 2564 euntem,

335 2573 548 2620 attonitis
575 2572 762 2619 inhians
788 2573 974 2631 animis,
1002 2585 1054 2619 ut
1080 2573 1232 2632 regius
1258 2586 1382 2618 ostro

335 2640 463 2686 velet
488 2641 638 2686 honos
664 2640 789 2686 leves
817 2657 1018 2697 umeros,
1046 2652 1098 2685 ut
1124 2639 1267 2685 fibula
1293 2640 1476 2686 crinem

336 2724 449 2752 auro
473 2706 779 2764 internectat,
806 2706 1005 2768 Lyciam
1032 2719 1084 2752 ut
1108 2718 1236 2767 gerat
1262 2705 1360 2768 ipsa
1385 2707 1654 2768 pharetram

338 2786 384 2819 et
409 2774 694 2835 pastoralem
720 2773 925 2836 praefixa
951 2772 1147 2835 cuspide
1173 2785 1396 2835 myrtum.
