1866 3208
1806 147 1813 159 ι
1790 0 1819 138 2³-fo

299 201 374 250 316
749 200 792 238 P.
822 199 1057 236 VERGILI
1088 199 1346 238 MARONIS

364 306 414 352 in
440 306 609 352 faciem
634 306 839 362 Aeneae,
867 305 967 351 visu
995 305 1207 352 mirabile
1233 318 1512 363 monstrum,

363 372 610 419 Dardaniis
635 384 770 418 ornat
796 371 915 427 telis,
945 372 1247 435 clipeumque
1274 372 1496 434 iubasque

363 439 512 485 divini
539 437 786 484 adsimulat
812 438 1009 500 capitis;
1045 439 1125 486 dat
1150 439 1308 485 inania
1333 438 1501 494 verba;

363 507 440 551 dat
466 505 563 550 sine
590 517 749 550 mente
777 521 962 562 sonum,
989 522 1257 569 gressusque
1285 505 1460 565 effingit
1485 506 1668 553 euntis:
1733 520 1796 560 640

366 583 513 617 morte
539 570 666 616 obita
689 571 850 633 quales
877 572 1000 618 fama
1027 586 1092 619 est
1118 573 1310 618 volitare
1337 572 1516 632 figuras,

364 651 443 684 aut
469 654 586 699 quae
613 637 784 699 sopitos
810 638 1045 685 deludunt
1070 639 1249 685 somnia
1274 655 1445 685 sensus.

365 719 409 750 at
437 704 605 765 primas
631 704 752 750 laeta
778 717 884 750 ante
913 705 1033 751 acies
1060 706 1258 752 exsultat
1283 705 1452 766 imago,

365 771 619 833 inritatque
645 770 798 816 virum
827 771 931 817 telis
957 785 1003 818 et
1030 789 1143 818 voce
1171 772 1364 818 lacessit.

365 838 506 884 instat
532 837 608 883 cui
636 837 849 894 Turnus,
877 839 1246 901 stridentemque
1273 838 1456 884 eminus
1481 839 1657 885 hastam

365 903 572 957 conicit3
609 903 689 949 illa
714 904 820 950 dato
846 904 987 951 vertit
1013 905 1203 966 vestigia
1229 919 1372 966 tergo.

366 985 467 1018 tum
493 987 602 1016 vero
627 971 823 1016 Aenean
853 987 1062 1018 aversum
1090 986 1140 1018 ut
1165 973 1330 1019 cedere
1358 973 1552 1018 Turnus

367 1037 583 1091 credidit,
612 1051 750 1099 atque
777 1037 936 1083 animo
961 1055 1089 1099 spem
1116 1039 1327 1085 turbidus
1351 1039 1503 1085 hausit
1528 1039 1718 1084 inanem
1739 1056 1748 1083 :

367 1121 460 1167 quo
487 1103 619 1164 fugis,
647 1104 840 1149 Aenea?
879 1105 1104 1151 thalamos
1129 1122 1187 1152 ne
1212 1106 1372 1152 desere
1398 1118 1587 1167 pactos;

367 1173 453 1217 hac
479 1170 666 1216 dabitur
691 1170 854 1216 dextra
881 1171 1019 1218 tellus
1045 1172 1252 1234 quaesita
1276 1188 1358 1233 per
1384 1169 1558 1219 undas·²
1739 1184 1801 1224 650

369 1237 477 1285 talia
501 1237 759 1283 vociferans
786 1237 1011 1299 sequitur,
1040 1238 1348 1301 strictumque
1375 1251 1586 1284 coruscat

368 1320 680 1360 mucronem3
717 1321 805 1350 nec
836 1305 954 1350 ferre
984 1305 1109 1350 videt
1135 1322 1214 1350 sua
1237 1305 1404 1366 gaudia
1428 1317 1608 1351 ventOS.

370 1372 486 1417 forte
513 1371 619 1416 ratis
645 1371 755 1416 celsi
785 1371 1043 1417 coniuncta
1067 1371 1306 1433 crepidine
1332 1371 1427 1418 saxi

370 1437 589 1499 expositis
615 1438 760 1483 stabat
788 1438 923 1483 scalis
950 1451 996 1484 et
1020 1452 1165 1501 ponte
1193 1452 1367 1499 parato,

370 1522 460 1567 qua
486 1521 563 1550 rex
594 1504 804 1550 Clusinis
832 1505 1052 1551 advectus
1081 1505 1274 1551 Osinius
1300 1504 1404 1552 oris.

371 1573 462 1617 huc
493 1588 586 1617 sese
612 1571 790 1633 trepida
816 1573 1008 1617 Aeneae
1035 1572 1258 1633 fugientis
1284 1572 1438 1632 imago

372 1638 549 1684 conicit
576 1637 625 1683 in
652 1638 878 1692 latebras3
917 1655 1004 1684 nec
1033 1639 1229 1685 Turnus
1256 1639 1440 1699 segnior
1465 1638 1620 1693 instat,

372 1717 712 1766 exsuperatque
741 1721 905 1760 moras,
932 1719 977 1750 et
1003 1719 1168 1766 pontes
1195 1705 1395 1751 transilit
1421 1705 1551 1751 altos,

372 1772 449 1817 vix
477 1787 659 1833 proram
686 1771 930 1845 attigerat:
970 1771 1148 1833 rumpit
1177 1771 1393 1817 Saturnia
1419 1771 1597 1827 funem,

373 1838 672 1900 avulsamque
699 1838 818 1899 rapit
843 1838 1054 1883 revoluta
1079 1855 1160 1899 per
1185 1855 1384 1912 aequora
1410 1855 1595 1884 navem.
1744 1851 1805 1883 660

373 1905 511 1950 illum
536 1918 692 1950 autem
718 1905 902 1950 Aeneas
928 1904 1205 1950 absentem
1194 1921 1242 1950 1n
1268 1904 1448 1966 proelia
1474 1903 1653 1966 poscit;

375 1971 510 2017 obvia
536 1971 685 2017 multa
708 1971 861 2017 virum
887 1971 1092 2017 demittit
1119 1988 1311 2032 corpora
1335 1971 1491 2017 morti.

377 2051 477 2084 tum
504 2038 616 2083 levis
643 2038 766 2084 haud
793 2039 913 2084 ultra
941 2037 1174 2083 latebras
1163 2055 1254 2084 iam
1280 2037 1460 2100 quaerit
1485 2037 1651 2098 imago,

376 2105 455 2151 sed
481 2104 682 2151 sublime
708 2105 867 2151 volans
895 2105 1010 2150 nubi
1038 2121 1083 2150 se
1110 2104 1354 2151 inmiscuit
1379 2118 1514 2161 atrae,

378 2188 487 2218 cum
515 2172 740 2218 Turnum
767 2171 922 2218 medio
947 2172 1125 2218 interea
1150 2172 1240 2218 fert
1265 2188 1463 2234 aequore
1491 2171 1641 2217 turbo.

379 2238 567 2300 respicit
592 2239 778 2299 ignarus
803 2255 961 2285 rerum
987 2238 1285 2301 ingratusque
1312 2237 1486 2293 salutis,

379 2318 424 2350 et
450 2305 663 2366 duplices
690 2322 799 2350 cum
825 2322 939 2351 voce
965 2322 1131 2351 manus
1155 2305 1212 2350 ad
1236 2305 1383 2350 sidera
1408 2303 1590 2349 tendit:

379 2371 678 2432 omnipotens
706 2372 923 2428 Genitor,
952 2385 1114 2418 tanton
1142 2388 1216 2417 me
1243 2370 1443 2417 crimine
1468 2370 1664 2430 dignum

379 2437 569 2493 duxisti,
597 2450 643 2484 et
669 2438 781 2483 tales
807 2437 994 2484 voluisti
1021 2437 1288 2499 expendere
1314 2440 1516 2499 poenas?

380 2522 474 2567 quo
494 2505 649 2550 feror?
683 2504 807 2550 unde
827 2504 952 2550 abii?
985 2521 1102 2567 quae
1123 2520 1197 2550 me
1224 2504 1347 2563 fuga,
1367 2519 1566 2566 quemve
1592 2501 1806 2548 reducit?

381 2572 703 2617 Laurentesne
729 2571 902 2617 iterum
929 2587 1083 2617 muros
1108 2583 1187 2617 aut
1212 2583 1358 2617 castra
1382 2570 1581 2616 videbo?
1743 2582 1803 2623 671

382 2639 495 2701 quid
521 2655 684 2684 manus
710 2637 791 2684 illa
813 2637 982 2694 virum,
1009 2637 1090 2700 qui
1117 2654 1191 2683 me
1218 2654 1414 2700 meaque
1441 2653 1562 2682 arma
1588 2634 1768 2682 secuti?

802 2715 873 2752 661
909 2715 983 2753 ille.
1096 2714 1169 2752 668
1203 2722 1323 2753 tanto.
