1866 3208
551 241 828 279 AENEIDOS
858 241 961 281 LIB.
992 242 1053 279 XI
1480 259 1552 299 333

122 365 210 397 nec
237 363 523 412 quemquam
547 346 713 393 incuso
737 365 747 394 ε
784 347 940 409 potuit
965 365 1084 411 quae
1108 349 1315 411 plurima
1338 351 1486 399 virtus

125 433 238 472 esse,
263 416 369 462 fuit.
439 426 540 460 toto
566 427 799 460 certatum
826 427 895 460 est
920 432 1113 477 corpore
1138 417 1287 477 regni.

125 499 252 530 nunc
280 481 408 538 adeo,
437 497 555 543 quae
582 480 640 526 sit
666 480 836 527 dubiae
864 483 1097 529 sententia
1121 484 1288 542 menti,

123 547 367 610 expediam
394 560 439 594 et
462 547 874 610 paucis—animos
901 549 1383 599 adhibete—docebo,

124 628 192 663 est
219 614 441 677 antiquus
467 631 574 676 ager
600 615 763 661 Tusco
790 615 908 661 mihi
936 616 1176 677 proximus
1203 618 1345 676 amni,

122 683 287 741 longus
314 681 364 727 in
391 698 629 738 occasum,
656 681 770 728 fines
799 699 937 744 super
964 700 1111 745 usque
1140 684 1330 732 Sicanos
1354 706 1366 742 ;

121 748 337 797 Aurunci
366 748 633 811 Rutulique
660 762 833 806 serunt,
863 762 908 795 et
933 767 1122 797 vomere
1149 751 1289 798 duros

122 829 346 862 exercent
372 816 528 872 colles,
557 829 696 878 atque
722 818 892 862 horum
919 817 1169 878 asperrima
1195 834 1408 880 pascunt.

121 884 234 929 haec
262 882 413 929 omnis
438 883 581 944 regio,
611 896 656 929 et
683 883 793 930 celsi
820 884 955 945 plaga
979 884 1122 946 pinea
1146 886 1337 943 montis,
1498 912 1560 943 320

121 949 256 996 cedat
281 949 515 996 amicitiae
543 950 879 996 Teucrorum·
866 970 880 1004 ;
919 964 966 997 et
991 951 1192 998 foederis
1219 969 1386 1016 aequas

120 1016 333 1063 dicamus
358 1017 498 1092 leges,
524 1017 766 1080 sociosque
793 1017 841 1063 in
870 1035 1015 1079 regna
1040 1035 1297 1066 vocemus·
1285 1056 1299 1074 ,

122 1083 382 1140 considant,
412 1084 446 1130 si
475 1097 631 1131 tantus
659 1101 805 1142 amor,
832 1098 879 1131 et
904 1085 1090 1132 moenia
1117 1087 1343 1134 condant.

120 1150 190 1197 sin
217 1151 328 1197 alios
356 1150 470 1197 fines
497 1152 729 1214 aliamque
758 1169 995 1214 capessere
1021 1167 1212 1213 gentem

120 1231 187 1264 est
212 1218 408 1275 animus,
436 1232 725 1282 possuntque
753 1220 851 1265 solo
877 1220 1108 1266 decedere
1133 1234 1293 1268 nostro
1315 1242 1329 1278 3

120 1285 188 1331 bis
214 1285 356 1331 denas
383 1287 502 1332 Italo
531 1299 742 1333 texamus
770 1287 934 1333 robore
961 1303 1114 1346 naves,

119 1369 198 1399 seu
224 1353 380 1415 plures
407 1354 646 1428 complere
674 1354 868 1400 valent·
855 1373 869 1408 ;
907 1354 1030 1401 iacet
1055 1355 1207 1401 omnis
1235 1356 1291 1402 ad
1317 1356 1492 1402 undam

120 1420 366 1466 materies·
354 1456 368 1473 ‚
404 1420 490 1482 ipsi
518 1438 870 1484 numerumque
898 1422 1190 1485 modumque
1218 1422 1386 1469 carinis

118 1486 444 1550 praecipiant·
431 1523 445 1541 ,
481 1505 565 1533 nos
593 1505 711 1544 aera,
739 1505 920 1546 manus,
948 1489 1130 1535 navalia
1155 1489 1337 1537 demus.

118 1568 370 1617 praeterea,
399 1554 478 1617 qui
506 1554 631 1601 dicta
658 1555 810 1601 ferant
837 1569 883 1602 et
909 1556 1097 1602 foedera
1124 1556 1329 1614 firment,
1497 1582 1557 1613 330

119 1635 315 1668 centurn
343 1636 543 1668 oratores
569 1622 721 1684 prima
748 1622 806 1668 de
832 1636 974 1683 gente
1001 1623 1196 1669 Latinos

117 1689 183 1736 ire
209 1689 377 1751 placet,
405 1689 626 1752 pacisque
653 1706 796 1735 manu
824 1690 1131 1751 praetendere
1157 1707 1320 1746 ramOS,

118 1773 313 1803 munera
337 1770 577 1818 portantes
604 1756 799 1819 aurique
827 1756 1072 1832 eborisque
1099 1758 1278 1805 talenta

118 1835 164 1870 et
189 1824 350 1869 sellam
376 1824 508 1884 regni
535 1823 875 1887 trabeamque
864 1823 1067 1886 msignia
1091 1825 1252 1873 nostri.

117 1890 387 1938 consulite
376 1908 425 1936 1n
452 1891 682 1949 medium,
709 1904 754 1938 et
781 1891 918 1938 rebus
946 1891 1205 1938 succurrite
1231 1892 1387 1940 fessis?

183 1971 285 2004 tum
310 1958 541 2015 Drances,
566 1958 693 2005 idem
720 1958 949 2016 infensus,
978 1976 1121 2021 quem
1148 1959 1297 2020 gloria
1323 1960 1481 2007 Turni

116 2024 307 2088 obliqua
331 2025 508 2072 invidia
534 2026 831 2088 stimulisque
860 2026 1062 2088 agitabat
1087 2027 1265 2082 amaria

117 2093 265 2153 largus
293 2108 452 2154 opum,
480 2105 527 2138 et
552 2093 715 2153 lingua
740 2092 920 2149 melior,
950 2093 1031 2138 sed
1058 2092 1225 2154 frigida
1250 2093 1378 2139 bello

115 2159 322 2215 dextera,
349 2158 553 2206 consiliis
579 2160 763 2206 habitus
790 2177 886 2205 non
914 2158 1062 2205 futilis
1090 2173 1267 2216 auctor,

115 2225 344 2272 seditione
373 2239 752 2288 potens—genus
777 2226 890 2273 huic
917 2239 1130 2273 materna
1157 2227 1411 2289 superbum
1491 2253 1551 2282 340

116 2293 333 2340 nobilitas
359 2293 512 2350 dabat,
540 2293 778 2340 incertum
805 2293 862 2339 de
888 2308 1017 2356 patre
1044 2293 1291 2340 ferebat—

116 2360 273 2420 surgit,
301 2374 347 2407 et
372 2360 442 2406 his
470 2374 632 2407 onerat
658 2360 795 2407 dictis
821 2375 962 2423 atque
988 2375 1170 2421 aggerat
1194 2361 1279 2407 iras
1304 2380 1314 2408 ;

116 2443 214 2473 rem
240 2427 361 2473 nulli
387 2428 648 2485 obscuram,
674 2440 854 2474 nostrae
882 2445 970 2475 nec
998 2428 1125 2475 vocis
1151 2442 1384 2489 egentem,
1447 2452 1451 2459 ¹

117 2494 333 2549 consulis,
361 2511 389 2540 o
414 2495 537 2541 bone
561 2512 642 2541 rex
667 2513 676 2542 :
716 2495 878 2542 cuncti
905 2512 951 2542 se
977 2495 1093 2542 scire
1119 2496 1340 2552 fatentur,

117 2559 232 2622 quid
256 2560 444 2607 fortuna
469 2562 588 2609 ferat
613 2562 778 2625 populi
802 2582 815 2618 ;
852 2563 932 2609 sed
958 2563 1115 2609 dicere
1142 2576 1366 2609 mussant.

117 2626 196 2671 det
222 2625 484 2674 libertatem
511 2629 658 2686 fandi,
683 2629 915 2692 flatusque
941 2629 1166 2686 remittat,

117 2692 249 2738 cuius
274 2692 334 2738 ob
358 2694 617 2754 auspicium
642 2696 900 2742 infaustum
926 2713 1173 2758 moresque
1200 2695 1474 2741 sinistros—

116 2759 270 2806 dicam
291 2759 527 2822 equidem,
546 2761 658 2808 licet
677 2779 802 2809 arma
821 2763 937 2810 mihi
955 2776 1251 2825 mortemque
1269 2761 1545 2808 minetur—
