<?xml version="1.0" encoding="UTF-8"?>
<!DOCTYPE html PUBLIC "-//W3C//DTD XHTML 1.0 Transitional//EN"
    "http://www.w3.org/TR/xhtml1/DTD/xhtml1-transitional.dtd">
<html xmlns="http://www.w3.org/1999/xhtml" xml:lang="en" lang="en">
 <head>
  <title>
</title>
<meta http-equiv="Content-Type" content="text/html;charset=utf-8" />
  <meta name='ocr-system' content='tesseract 3.04.00' />
  <meta name='ocr-capabilities' content='ocr_page ocr_carea ocr_par ocr_line ocrx_word'/>
</head>
<body>
  <div class='ocr_page' id='page_1' title='image "./operabucolicageo00virguoft_0077.png"; bbox 0 0 1861 3256; ppageno 0'>
   <div class='ocr_carea' id='block_1_1' title="bbox 552 255 1574 305">
    <p class='ocr_par' dir='ltr' id='par_1_1' title="bbox 552 255 1574 305">
     <span class='ocr_line' id='line_1_1' title="bbox 552 255 1574 305; baseline -0.001 -11"><span class='ocrx_word' id='word_1_1' title='bbox 552 255 883 295; x_wconf 90' lang='lat' dir='ltr'>GEORGICON</span> <span class='ocrx_word' id='word_1_2' title='bbox 912 257 1016 294; x_wconf 87' lang='lat' dir='ltr'><strong>LIB.</strong></span> <span class='ocrx_word' id='word_1_3' title='bbox 1044 257 1086 293; x_wconf 89' lang='grc' dir='ltr'><strong>ΙΙ</strong></span> <span class='ocrx_word' id='word_1_4' title='bbox 1521 266 1574 305; x_wconf 89' lang='lat'><strong>49</strong></span> 
     </span>
    </p>
   </div>
   <div class='ocr_carea' id='block_1_2' title="bbox 135 365 1582 2778">
    <p class='ocr_par' dir='ltr' id='par_1_2' title="bbox 135 365 1579 1502">
     <span class='ocr_line' id='line_1_2' title="bbox 139 365 1196 432; baseline -0.004 -16"><span class='ocrx_word' id='word_1_5' title='bbox 139 369 337 432; x_wconf 89' lang='lat' dir='ltr'><strong>colaque</strong></span> <span class='ocrx_word' id='word_1_6' title='bbox 360 366 600 430; x_wconf 90' lang='lat' dir='ltr'><strong>prelorum</strong></span> <span class='ocrx_word' id='word_1_7' title='bbox 626 366 818 411; x_wconf 87' lang='lat' dir='ltr'><strong>fumosis</strong></span> <span class='ocrx_word' id='word_1_8' title='bbox 843 366 1002 429; x_wconf 81' lang='lat' dir='ltr'><strong>deripe</strong></span> <span class='ocrx_word' id='word_1_9' title='bbox 1030 365 1196 420; x_wconf 88' lang='lat' dir='ltr'><strong>tectis;</strong></span> 
     </span>
     <span class='ocr_line' id='line_1_3' title="bbox 139 432 1396 496; baseline -0.004 -13"><span class='ocrx_word' id='word_1_10' title='bbox 139 436 233 483; x_wconf 90' lang='lat' dir='ltr'><strong>huc</strong></span> <span class='ocrx_word' id='word_1_11' title='bbox 261 451 367 496; x_wconf 90' lang='lat' dir='ltr'><strong>ager</strong></span> <span class='ocrx_word' id='word_1_12' title='bbox 390 434 472 480; x_wconf 91' lang='lat' dir='ltr'><strong>ille</strong></span> <span class='ocrx_word' id='word_1_13' title='bbox 498 433 650 479; x_wconf 90' lang='lat' dir='ltr'><strong>malus</strong></span> <span class='ocrx_word' id='word_1_14' title='bbox 674 432 932 495; x_wconf 82' lang='lat' dir='ltr'><strong>dulcesque</strong></span> <span class='ocrx_word' id='word_1_15' title='bbox 960 451 984 479; x_wconf 90' lang='lat' dir='ltr'><strong>a</strong></span> <span class='ocrx_word' id='word_1_16' title='bbox 1008 433 1218 480; x_wconf 88' lang='lat' dir='ltr'><strong>fontibus</strong></span> <span class='ocrx_word' id='word_1_17' title='bbox 1243 433 1396 478; x_wconf 88' lang='lat' dir='ltr'><strong>undae</strong></span> 
     </span>
     <span class='ocr_line' id='line_1_4' title="bbox 141 499 1366 564; baseline -0.004 -14"><span class='ocrx_word' id='word_1_18' title='bbox 141 502 198 550; x_wconf 87' lang='lat' dir='ltr'><strong>ad</strong></span> <span class='ocrx_word' id='word_1_19' title='bbox 224 502 421 564; x_wconf 91' lang='lat' dir='ltr'><strong>plenum</strong></span> <span class='ocrx_word' id='word_1_20' title='bbox 447 500 726 553; x_wconf 90' lang='lat' dir='ltr'><strong>calcentur;</strong></span> <span class='ocrx_word' id='word_1_21' title='bbox 762 517 879 562; x_wconf 89' lang='lat' dir='ltr'><strong>aqua</strong></span> <span class='ocrx_word' id='word_1_22' title='bbox 905 500 1189 547; x_wconf 82' lang='lat' dir='ltr'><strong>eluctabitur</strong></span> <span class='ocrx_word' id='word_1_23' title='bbox 1213 499 1366 547; x_wconf 87' lang='lat' dir='ltr'><strong>omnis</strong></span> 
     </span>
     <span class='ocr_line' id='line_1_5' title="bbox 139 567 1301 629; baseline -0.002 -14"><span class='ocrx_word' id='word_1_24' title='bbox 139 569 323 616; x_wconf 87' lang='lat' dir='ltr'><strong>scilicet</strong></span> <span class='ocrx_word' id='word_1_25' title='bbox 348 581 394 615; x_wconf 90' lang='lat' dir='ltr'><strong>et</strong></span> <span class='ocrx_word' id='word_1_26' title='bbox 417 567 612 628; x_wconf 84' lang='lat' dir='ltr'><strong>grandes</strong></span> <span class='ocrx_word' id='word_1_27' title='bbox 636 567 776 613; x_wconf 90' lang='lat' dir='ltr'><strong>ibunt</strong></span> <span class='ocrx_word' id='word_1_28' title='bbox 800 583 885 629; x_wconf 90' lang='lat' dir='ltr'><strong>per</strong></span> <span class='ocrx_word' id='word_1_29' title='bbox 908 567 1087 613; x_wconf 85' lang='lat' dir='ltr'><strong>vimina</strong></span> <span class='ocrx_word' id='word_1_30' title='bbox 1111 581 1301 628; x_wconf 83' lang='lat' dir='ltr'><strong>guttae3</strong></span> 
     </span>
     <span class='ocr_line' id='line_1_6' title="bbox 138 633 1261 698; baseline -0.001 -16"><span class='ocrx_word' id='word_1_31' title='bbox 138 649 184 683; x_wconf 88' lang='lat' dir='ltr'><strong>at</strong></span> <span class='ocrx_word' id='word_1_32' title='bbox 209 653 342 698; x_wconf 89' lang='lat' dir='ltr'><strong>sapor</strong></span> <span class='ocrx_word' id='word_1_33' title='bbox 366 634 598 681; x_wconf 90' lang='lat' dir='ltr'><strong>indicium</strong></span> <span class='ocrx_word' id='word_1_34' title='bbox 625 634 766 680; x_wconf 90' lang='lat' dir='ltr'><strong>faciet</strong></span> <span class='ocrx_word' id='word_1_35' title='bbox 791 633 1086 691; x_wconf 89' lang='lat' dir='ltr'><strong>manifestus,</strong></span> <span class='ocrx_word' id='word_1_36' title='bbox 1112 648 1158 681; x_wconf 91' lang='lat' dir='ltr'><strong>et</strong></span> <span class='ocrx_word' id='word_1_37' title='bbox 1183 652 1261 681; x_wconf 90' lang='lat' dir='ltr'><strong>ora</strong></span> 
     </span>
     <span class='ocr_line' id='line_1_7' title="bbox 139 701 1280 764; baseline -0.001 -15"><span class='ocrx_word' id='word_1_38' title='bbox 139 702 288 750; x_wconf 84' lang='lat' dir='ltr'><strong>tristia</strong></span> <span class='ocrx_word' id='word_1_39' title='bbox 313 715 633 764; x_wconf 87' lang='lat' dir='ltr'><strong>temptantum</strong></span> <span class='ocrx_word' id='word_1_40' title='bbox 659 718 794 747; x_wconf 89' lang='lat' dir='ltr'><strong>sensu</strong></span> <span class='ocrx_word' id='word_1_41' title='bbox 821 701 1060 764; x_wconf 87' lang='lat' dir='ltr'><strong>torquebit</strong></span> <span class='ocrx_word' id='word_1_42' title='bbox 1086 719 1280 749; x_wconf 88' lang='lat' dir='ltr'><strong>amaror.</strong></span> 
     </span>
     <span class='ocr_line' id='line_1_8' title="bbox 135 768 1400 833; baseline -0.001 -18"><span class='ocrx_word' id='word_1_43' title='bbox 135 769 325 833; x_wconf 88' lang='lat' dir='ltr'><strong>pinguis</strong></span> <span class='ocrx_word' id='word_1_44' title='bbox 351 769 467 815; x_wconf 91' lang='lat' dir='ltr'><strong>item</strong></span> <span class='ocrx_word' id='word_1_45' title='bbox 494 786 613 831; x_wconf 90' lang='lat' dir='ltr'><strong>quae</strong></span> <span class='ocrx_word' id='word_1_46' title='bbox 639 768 696 815; x_wconf 84' lang='lat' dir='ltr'><strong>sit</strong></span> <span class='ocrx_word' id='word_1_47' title='bbox 723 768 879 824; x_wconf 88' lang='lat' dir='ltr'><strong>tellus,</strong></span> <span class='ocrx_word' id='word_1_48' title='bbox 906 770 998 815; x_wconf 92' lang='lat' dir='ltr'><strong>hoc</strong></span> <span class='ocrx_word' id='word_1_49' title='bbox 1026 768 1234 831; x_wconf 90' lang='lat' dir='ltr'><strong>denique</strong></span> <span class='ocrx_word' id='word_1_50' title='bbox 1259 782 1400 831; x_wconf 88' lang='lat' dir='ltr'><strong>pacto</strong></span> 
     </span>
     <span class='ocr_line' id='line_1_9' title="bbox 137 835 1462 898; baseline -0.001 -15"><span class='ocrx_word' id='word_1_51' title='bbox 137 836 362 883; x_wconf 81' lang='lat' dir='ltr'><strong>discimus</strong></span> <span class='ocrx_word' id='word_1_52' title='bbox 383 855 393 883; x_wconf 91' lang='lat'>:</span> <span class='ocrx_word' id='word_1_53' title='bbox 429 836 557 882; x_wconf 89' lang='lat' dir='ltr'><strong>haud</strong></span> <span class='ocrx_word' id='word_1_54' title='bbox 581 853 810 898; x_wconf 90' lang='lat' dir='ltr'><strong>umquam</strong></span> <span class='ocrx_word' id='word_1_55' title='bbox 836 835 1054 881; x_wconf 91' lang='lat' dir='ltr'><strong>manibus</strong></span> <span class='ocrx_word' id='word_1_56' title='bbox 1079 835 1248 881; x_wconf 81' lang='lat' dir='ltr'><strong>iactata</strong></span> <span class='ocrx_word' id='word_1_57' title='bbox 1273 835 1462 892; x_wconf 87' lang='lat' dir='ltr'><strong>fatiscit,</strong></span> 
     </span>
     <span class='ocr_line' id='line_1_10' title="bbox 138 902 1579 965; baseline -0.002 -15"><span class='ocrx_word' id='word_1_58' title='bbox 138 903 218 950; x_wconf 87' lang='lat' dir='ltr'><strong>sed</strong></span> <span class='ocrx_word' id='word_1_59' title='bbox 241 903 360 965; x_wconf 89' lang='lat' dir='ltr'><strong>picis</strong></span> <span class='ocrx_word' id='word_1_60' title='bbox 385 902 434 948; x_wconf 88' lang='lat' dir='ltr'><strong>in</strong></span> <span class='ocrx_word' id='word_1_61' title='bbox 461 919 641 949; x_wconf 91' lang='lat' dir='ltr'><strong>morem</strong></span> <span class='ocrx_word' id='word_1_62' title='bbox 669 902 725 948; x_wconf 89' lang='lat' dir='ltr'><strong>ad</strong></span> <span class='ocrx_word' id='word_1_63' title='bbox 751 902 922 963; x_wconf 87' lang='lat' dir='ltr'><strong>digitos</strong></span> <span class='ocrx_word' id='word_1_64' title='bbox 948 902 1170 949; x_wconf 82' lang='lat' dir='ltr'><strong>lentescit</strong></span> <span class='ocrx_word' id='word_1_65' title='bbox 1194 903 1430 950; x_wconf 90' lang='lat' dir='ltr'><strong>habendo.</strong></span> <span class='ocrx_word' id='word_1_66' title='bbox 1518 925 1579 955; x_wconf 85' lang='lat'><strong>250</strong></span> 
     </span>
     <span class='ocr_line' id='line_1_11' title="bbox 137 969 1200 1032; baseline 0 -16"><span class='ocrx_word' id='word_1_67' title='bbox 137 970 298 1017; x_wconf 90' lang='lat' dir='ltr'><strong>umida</strong></span> <span class='ocrx_word' id='word_1_68' title='bbox 322 970 518 1016; x_wconf 89' lang='lat' dir='ltr'><strong>maiores</strong></span> <span class='ocrx_word' id='word_1_69' title='bbox 544 970 709 1016; x_wconf 83' lang='lat' dir='ltr'><strong>herbas</strong></span> <span class='ocrx_word' id='word_1_70' title='bbox 736 969 832 1027; x_wconf 88' lang='lat' dir='ltr'><strong>alit,</strong></span> <span class='ocrx_word' id='word_1_71' title='bbox 860 969 1052 1032; x_wconf 90' lang='lat' dir='ltr'><strong>ipsaque</strong></span> <span class='ocrx_word' id='word_1_72' title='bbox 1078 969 1200 1016; x_wconf 88' lang='lat' dir='ltr'><strong>iusto</strong></span> 
     </span>
     <span class='ocr_line' id='line_1_12' title="bbox 137 1036 1293 1093; baseline -0.001 -9"><span class='ocrx_word' id='word_1_73' title='bbox 137 1037 317 1084; x_wconf 87' lang='lat' dir='ltr'><strong>laetior.</strong></span> <span class='ocrx_word' id='word_1_74' title='bbox 390 1055 430 1093; x_wconf 90' lang='lat' dir='ltr'><strong>a,</strong></span> <span class='ocrx_word' id='word_1_75' title='bbox 457 1036 662 1083; x_wconf 91' lang='lat' dir='ltr'><strong>nimium</strong></span> <span class='ocrx_word' id='word_1_76' title='bbox 689 1053 750 1083; x_wconf 90' lang='lat' dir='ltr'><strong>ne</strong></span> <span class='ocrx_word' id='word_1_77' title='bbox 777 1036 835 1083; x_wconf 89' lang='lat' dir='ltr'><strong>sit</strong></span> <span class='ocrx_word' id='word_1_78' title='bbox 860 1037 978 1082; x_wconf 90' lang='lat' dir='ltr'><strong>mihi</strong></span> <span class='ocrx_word' id='word_1_79' title='bbox 1006 1037 1171 1083; x_wconf 88' lang='lat' dir='ltr'><strong>fertilis</strong></span> <span class='ocrx_word' id='word_1_80' title='bbox 1198 1037 1293 1093; x_wconf 89' lang='lat' dir='ltr'><strong>illa,</strong></span> 
     </span>
     <span class='ocr_line' id='line_1_13' title="bbox 138 1103 1278 1167; baseline 0 -16"><span class='ocrx_word' id='word_1_81' title='bbox 138 1121 227 1151; x_wconf 90' lang='lat' dir='ltr'><strong>nec</strong></span> <span class='ocrx_word' id='word_1_82' title='bbox 254 1121 301 1149; x_wconf 89' lang='lat' dir='ltr'><strong>se</strong></span> <span class='ocrx_word' id='word_1_83' title='bbox 326 1104 642 1165; x_wconf 88' lang='lat' dir='ltr'><strong>praevalidam</strong></span> <span class='ocrx_word' id='word_1_84' title='bbox 667 1103 833 1167; x_wconf 91' lang='lat' dir='ltr'><strong>primis</strong></span> <span class='ocrx_word' id='word_1_85' title='bbox 860 1104 1075 1151; x_wconf 89' lang='lat' dir='ltr'><strong>ostendat</strong></span> <span class='ocrx_word' id='word_1_86' title='bbox 1101 1104 1278 1151; x_wconf 82' lang='lat' dir='ltr'><strong>aristis!</strong></span> 
     </span>
     <span class='ocr_line' id='line_1_14' title="bbox 138 1170 1373 1235; baseline 0 -18"><span class='ocrx_word' id='word_1_87' title='bbox 138 1188 256 1235; x_wconf 90' lang='lat' dir='ltr'><strong>quae</strong></span> <span class='ocrx_word' id='word_1_88' title='bbox 281 1170 431 1231; x_wconf 87' lang='lat' dir='ltr'><strong>gravis</strong></span> <span class='ocrx_word' id='word_1_89' title='bbox 457 1184 524 1217; x_wconf 90' lang='lat' dir='ltr'><strong>est</strong></span> <span class='ocrx_word' id='word_1_90' title='bbox 550 1171 651 1233; x_wconf 91' lang='lat' dir='ltr'><strong>ipso</strong></span> <span class='ocrx_word' id='word_1_91' title='bbox 676 1171 868 1217; x_wconf 84' lang='lat' dir='ltr'><strong>tacitam</strong></span> <span class='ocrx_word' id='word_1_92' title='bbox 895 1188 941 1217; x_wconf 89' lang='lat' dir='ltr'><strong>se</strong></span> <span class='ocrx_word' id='word_1_93' title='bbox 966 1171 1175 1234; x_wconf 92' lang='lat' dir='ltr'><strong>pondere</strong></span> <span class='ocrx_word' id='word_1_94' title='bbox 1201 1170 1373 1233; x_wconf 86' lang='lat' dir='ltr'><strong>prodit,</strong></span> 
     </span>
     <span class='ocr_line' id='line_1_15' title="bbox 138 1237 1576 1301; baseline -0.001 -17"><span class='ocrx_word' id='word_1_95' title='bbox 138 1254 351 1301; x_wconf 87' lang='lat' dir='ltr'><strong>quaeque</strong></span> <span class='ocrx_word' id='word_1_96' title='bbox 363 1237 496 1286; x_wconf 85' lang='lat' dir='ltr'><strong>levis.</strong></span> <span class='ocrx_word' id='word_1_97' title='bbox 545 1252 822 1301; x_wconf 92' lang='lat' dir='ltr'><strong>promptum</strong></span> <span class='ocrx_word' id='word_1_98' title='bbox 835 1252 903 1285; x_wconf 88' lang='lat' dir='ltr'><strong>est</strong></span> <span class='ocrx_word' id='word_1_99' title='bbox 915 1239 1062 1285; x_wconf 87' lang='lat' dir='ltr'><strong>oculis</strong></span> <span class='ocrx_word' id='word_1_100' title='bbox 1074 1238 1364 1300; x_wconf 85' lang='lat' dir='ltr'><strong>praediscere</strong></span> <span class='ocrx_word' id='word_1_101' title='bbox 1377 1237 1576 1299; x_wconf 85' lang='lat' dir='ltr'><strong>nigram,</strong></span> 
     </span>
     <span class='ocr_line' id='line_1_16' title="bbox 138 1305 1460 1368; baseline -0.001 -16"><span class='ocrx_word' id='word_1_102' title='bbox 138 1318 185 1352; x_wconf 87' lang='lat' dir='ltr'><strong>et</strong></span> <span class='ocrx_word' id='word_1_103' title='bbox 210 1305 313 1367; x_wconf 91' lang='lat' dir='ltr'><strong>quis</strong></span> <span class='ocrx_word' id='word_1_104' title='bbox 338 1305 417 1351; x_wconf 90' lang='lat' dir='ltr'><strong>cui</strong></span> <span class='ocrx_word' id='word_1_105' title='bbox 444 1305 590 1354; x_wconf 90' lang='lat' dir='ltr'><strong>color.</strong></span> <span class='ocrx_word' id='word_1_106' title='bbox 663 1319 708 1352; x_wconf 92' lang='lat' dir='ltr'><strong>at</strong></span> <span class='ocrx_word' id='word_1_107' title='bbox 735 1306 1017 1352; x_wconf 87' lang='lat' dir='ltr'><strong>sceleratum</strong></span> <span class='ocrx_word' id='word_1_108' title='bbox 1044 1305 1288 1368; x_wconf 80' lang='lat' dir='ltr'><strong>exquirere</strong></span> <span class='ocrx_word' id='word_1_109' title='bbox 1315 1305 1460 1366; x_wconf 87' lang='lat' dir='ltr'><strong>frigus</strong></span> 
     </span>
     <span class='ocr_line' id='line_1_17' title="bbox 137 1372 1332 1436; baseline 0.001 -19"><span class='ocrx_word' id='word_1_110' title='bbox 137 1372 328 1418; x_wconf 88' lang='lat' dir='ltr'><strong>difficile</strong></span> <span class='ocrx_word' id='word_1_111' title='bbox 356 1386 451 1419; x_wconf 90' lang='lat' dir='ltr'><strong>est:</strong></span> <span class='ocrx_word' id='word_1_112' title='bbox 489 1373 653 1435; x_wconf 89' lang='lat' dir='ltr'><strong>piceae</strong></span> <span class='ocrx_word' id='word_1_113' title='bbox 680 1387 866 1419; x_wconf 90' lang='lat' dir='ltr'><strong>tantum</strong></span> <span class='ocrx_word' id='word_1_114' title='bbox 892 1373 1082 1436; x_wconf 83' lang='lat' dir='ltr'><strong>taxique</strong></span> <span class='ocrx_word' id='word_1_115' title='bbox 1108 1386 1332 1419; x_wconf 88' lang='lat' dir='ltr'><strong>nocentes</strong></span> 
     </span>
     <span class='ocr_line' id='line_1_18' title="bbox 138 1439 1366 1502; baseline -0.001 -16"><span class='ocrx_word' id='word_1_116' title='bbox 138 1439 378 1486; x_wconf 90' lang='lat' dir='ltr'><strong>interdum</strong></span> <span class='ocrx_word' id='word_1_117' title='bbox 405 1453 484 1485; x_wconf 89' lang='lat' dir='ltr'><strong>aut</strong></span> <span class='ocrx_word' id='word_1_118' title='bbox 509 1440 708 1486; x_wconf 86' lang='lat' dir='ltr'><strong>hederae</strong></span> <span class='ocrx_word' id='word_1_119' title='bbox 735 1440 952 1502; x_wconf 89' lang='lat' dir='ltr'><strong>pandunt</strong></span> <span class='ocrx_word' id='word_1_120' title='bbox 977 1440 1168 1500; x_wconf 79' lang='lat' dir='ltr'><strong>vestigia</strong></span> <span class='ocrx_word' id='word_1_121' title='bbox 1193 1440 1366 1500; x_wconf 87' lang='lat' dir='ltr'><strong>nigrae.</strong></span> 
     </span>
    </p>

    <p class='ocr_par' dir='ltr' id='par_1_3' title="bbox 137 1505 1582 2778">
     <span class='ocr_line' id='line_1_19' title="bbox 206 1505 1423 1554; baseline 0.002 -3"><span class='ocrx_word' id='word_1_122' title='bbox 206 1505 278 1551; x_wconf 90' lang='lat' dir='ltr'><strong>his</strong></span> <span class='ocrx_word' id='word_1_123' title='bbox 305 1506 638 1553; x_wconf 83' lang='lat' dir='ltr'><strong>animadversis</strong></span> <span class='ocrx_word' id='word_1_124' title='bbox 666 1521 839 1554; x_wconf 85' lang='lat' dir='ltr'><strong>terram</strong></span> <span class='ocrx_word' id='word_1_125' title='bbox 866 1507 1018 1553; x_wconf 89' lang='lat' dir='ltr'><strong>multo</strong></span> <span class='ocrx_word' id='word_1_126' title='bbox 1045 1520 1152 1553; x_wconf 89' lang='lat' dir='ltr'><strong>ante</strong></span> <span class='ocrx_word' id='word_1_127' title='bbox 1178 1521 1423 1553; x_wconf 88' lang='lat' dir='ltr'><strong>memento</strong></span> 
     </span>
     <span class='ocr_line' id='line_1_20' title="bbox 140 1574 1581 1635; baseline 0.001 -18"><span class='ocrx_word' id='word_1_128' title='bbox 140 1589 405 1635; x_wconf 85' lang='lat' dir='ltr'><strong>excoquere</strong></span> <span class='ocrx_word' id='word_1_129' title='bbox 433 1586 479 1620; x_wconf 89' lang='lat' dir='ltr'><strong>et</strong></span> <span class='ocrx_word' id='word_1_130' title='bbox 504 1590 698 1635; x_wconf 90' lang='lat' dir='ltr'><strong>magnos</strong></span> <span class='ocrx_word' id='word_1_131' title='bbox 724 1574 964 1620; x_wconf 88' lang='lat' dir='ltr'><strong>scrobibus</strong></span> <span class='ocrx_word' id='word_1_132' title='bbox 990 1574 1243 1620; x_wconf 90' lang='lat' dir='ltr'><strong>concidere</strong></span> <span class='ocrx_word' id='word_1_133' title='bbox 1268 1587 1472 1630; x_wconf 90' lang='lat' dir='ltr'><strong>montes,</strong></span> <span class='ocrx_word' id='word_1_134' title='bbox 1519 1590 1581 1620; x_wconf 85' lang='lat'><strong>260</strong></span> 
     </span>
     <span class='ocr_line' id='line_1_21' title="bbox 139 1640 1272 1703; baseline 0 -17"><span class='ocrx_word' id='word_1_135' title='bbox 139 1652 247 1686; x_wconf 91' lang='lat' dir='ltr'><strong>ante</strong></span> <span class='ocrx_word' id='word_1_136' title='bbox 272 1640 509 1702; x_wconf 86' lang='lat' dir='ltr'><strong>supinatas</strong></span> <span class='ocrx_word' id='word_1_137' title='bbox 535 1640 771 1703; x_wconf 88' lang='lat' dir='ltr'><strong>Aquiloni</strong></span> <span class='ocrx_word' id='word_1_138' title='bbox 799 1641 1046 1686; x_wconf 87' lang='lat' dir='ltr'><strong>ostendere</strong></span> <span class='ocrx_word' id='word_1_139' title='bbox 1072 1641 1272 1701; x_wconf 91' lang='lat' dir='ltr'><strong>glaebas,</strong></span> 
     </span>
     <span class='ocr_line' id='line_1_22' title="bbox 138 1707 1443 1770; baseline 0.001 -17"><span class='ocrx_word' id='word_1_140' title='bbox 138 1723 280 1769; x_wconf 89' lang='lat' dir='ltr'><strong>quam</strong></span> <span class='ocrx_word' id='word_1_141' title='bbox 306 1707 485 1753; x_wconf 89' lang='lat' dir='ltr'><strong>laetum</strong></span> <span class='ocrx_word' id='word_1_142' title='bbox 511 1707 714 1753; x_wconf 89' lang='lat' dir='ltr'><strong>infodias</strong></span> <span class='ocrx_word' id='word_1_143' title='bbox 741 1707 848 1753; x_wconf 88' lang='lat' dir='ltr'><strong>vitis</strong></span> <span class='ocrx_word' id='word_1_144' title='bbox 874 1724 1036 1768; x_wconf 87' lang='lat' dir='ltr'><strong>genus.</strong></span> <span class='ocrx_word' id='word_1_145' title='bbox 1108 1707 1287 1769; x_wconf 92' lang='lat' dir='ltr'><strong>optima</strong></span> <span class='ocrx_word' id='word_1_146' title='bbox 1311 1707 1443 1770; x_wconf 90' lang='lat' dir='ltr'><strong>putri</strong></span> 
     </span>
     <span class='ocr_line' id='line_1_23' title="bbox 139 1774 1363 1837; baseline 0.002 -18"><span class='ocrx_word' id='word_1_147' title='bbox 139 1791 243 1819; x_wconf 86' lang='lat' dir='ltr'><strong>arva</strong></span> <span class='ocrx_word' id='word_1_148' title='bbox 269 1774 396 1820; x_wconf 87' lang='lat' dir='ltr'><strong>solo:</strong></span> <span class='ocrx_word' id='word_1_149' title='bbox 434 1774 483 1820; x_wconf 92' lang='lat' dir='ltr'><strong>id</strong></span> <span class='ocrx_word' id='word_1_150' title='bbox 507 1774 640 1821; x_wconf 77' lang='lat' dir='ltr'><strong>venti</strong></span> <span class='ocrx_word' id='word_1_151' title='bbox 669 1789 837 1821; x_wconf 88' lang='lat' dir='ltr'><strong>curant</strong></span> <span class='ocrx_word' id='word_1_152' title='bbox 861 1774 1139 1837; x_wconf 89' lang='lat' dir='ltr'><strong>gelidaeque</strong></span> <span class='ocrx_word' id='word_1_153' title='bbox 1163 1774 1363 1837; x_wconf 88' lang='lat' dir='ltr'><strong>pruinae</strong></span> 
     </span>
     <span class='ocr_line' id='line_1_24' title="bbox 137 1840 1274 1902; baseline 0.003 -16"><span class='ocrx_word' id='word_1_154' title='bbox 137 1854 184 1887; x_wconf 90' lang='lat' dir='ltr'><strong>et</strong></span> <span class='ocrx_word' id='word_1_155' title='bbox 209 1840 443 1888; x_wconf 88' lang='lat' dir='ltr'><strong>labefacta</strong></span> <span class='ocrx_word' id='word_1_156' title='bbox 466 1858 662 1888; x_wconf 84' lang='lat' dir='ltr'><strong>movens</strong></span> <span class='ocrx_word' id='word_1_157' title='bbox 689 1841 905 1888; x_wconf 87' lang='lat' dir='ltr'><strong>robustus</strong></span> <span class='ocrx_word' id='word_1_158' title='bbox 931 1841 1090 1902; x_wconf 89' lang='lat' dir='ltr'><strong>iugera</strong></span> <span class='ocrx_word' id='word_1_159' title='bbox 1114 1843 1274 1890; x_wconf 88' lang='lat' dir='ltr'><strong>fossor.</strong></span> 
     </span>
     <span class='ocr_line' id='line_1_25' title="bbox 138 1907 1250 1971; baseline 0.003 -18"><span class='ocrx_word' id='word_1_160' title='bbox 138 1924 190 1954; x_wconf 89' lang='lat' dir='ltr'><strong>ac</strong></span> <span class='ocrx_word' id='word_1_161' title='bbox 216 1907 252 1953; x_wconf 89' lang='lat' dir='ltr'><strong>si</strong></span> <span class='ocrx_word' id='word_1_162' title='bbox 279 1925 394 1970; x_wconf 91' lang='lat' dir='ltr'><strong>quos</strong></span> <span class='ocrx_word' id='word_1_163' title='bbox 418 1909 547 1955; x_wconf 89' lang='lat' dir='ltr'><strong>haud</strong></span> <span class='ocrx_word' id='word_1_164' title='bbox 572 1909 671 1955; x_wconf 91' lang='lat' dir='ltr'><strong>ulla</strong></span> <span class='ocrx_word' id='word_1_165' title='bbox 696 1909 818 1955; x_wconf 80' lang='lat' dir='ltr'><strong>viros</strong></span> <span class='ocrx_word' id='word_1_166' title='bbox 843 1909 1089 1970; x_wconf 87' lang='lat' dir='ltr'><strong>vigilantia</strong></span> <span class='ocrx_word' id='word_1_167' title='bbox 1114 1910 1250 1971; x_wconf 92' lang='lat' dir='ltr'><strong>fugit,</strong></span> 
     </span>
     <span class='ocr_line' id='line_1_26' title="bbox 138 1975 1471 2040; baseline 0.002 -19"><span class='ocrx_word' id='word_1_168' title='bbox 138 1988 245 2022; x_wconf 89' lang='lat' dir='ltr'><strong>ante</strong></span> <span class='ocrx_word' id='word_1_169' title='bbox 272 1975 433 2022; x_wconf 88' lang='lat' dir='ltr'><strong>locum</strong></span> <span class='ocrx_word' id='word_1_170' title='bbox 459 1976 666 2023; x_wconf 87' lang='lat' dir='ltr'><strong>similem</strong></span> <span class='ocrx_word' id='word_1_171' title='bbox 694 1977 966 2039; x_wconf 83' lang='lat' dir='ltr'><strong>exquirunt,</strong></span> <span class='ocrx_word' id='word_1_172' title='bbox 993 1977 1075 2023; x_wconf 92' lang='lat' dir='ltr'><strong>ubi</strong></span> <span class='ocrx_word' id='word_1_173' title='bbox 1101 1978 1254 2040; x_wconf 91' lang='lat' dir='ltr'><strong>prima</strong></span> <span class='ocrx_word' id='word_1_174' title='bbox 1279 1990 1471 2040; x_wconf 89' lang='lat' dir='ltr'><strong>paretur</strong></span> 
     </span>
     <span class='ocr_line' id='line_1_27' title="bbox 139 2042 1285 2107; baseline 0.003 -20"><span class='ocrx_word' id='word_1_175' title='bbox 139 2042 379 2089; x_wconf 90' lang='lat' dir='ltr'><strong>arboribus</strong></span> <span class='ocrx_word' id='word_1_176' title='bbox 406 2060 532 2104; x_wconf 88' lang='lat' dir='ltr'><strong>seges</strong></span> <span class='ocrx_word' id='word_1_177' title='bbox 560 2057 608 2091; x_wconf 91' lang='lat' dir='ltr'><strong>et</strong></span> <span class='ocrx_word' id='word_1_178' title='bbox 634 2062 728 2107; x_wconf 91' lang='lat' dir='ltr'><strong>quo</strong></span> <span class='ocrx_word' id='word_1_179' title='bbox 754 2061 865 2090; x_wconf 83' lang='lat' dir='ltr'><strong>mox</strong></span> <span class='ocrx_word' id='word_1_180' title='bbox 892 2045 1069 2105; x_wconf 89' lang='lat' dir='ltr'><strong>digesta</strong></span> <span class='ocrx_word' id='word_1_181' title='bbox 1096 2046 1285 2103; x_wconf 88' lang='lat' dir='ltr'><strong>feratur,</strong></span> 
     </span>
     <span class='ocr_line' id='line_1_28' title="bbox 138 2110 1328 2171; baseline 0.003 -16"><span class='ocrx_word' id='word_1_182' title='bbox 138 2123 366 2156; x_wconf 88' lang='lat' dir='ltr'><strong>mutatam</strong></span> <span class='ocrx_word' id='word_1_183' title='bbox 391 2110 611 2171; x_wconf 89' lang='lat' dir='ltr'><strong>ignorent</strong></span> <span class='ocrx_word' id='word_1_184' title='bbox 639 2111 795 2158; x_wconf 90' lang='lat' dir='ltr'><strong>subito</strong></span> <span class='ocrx_word' id='word_1_185' title='bbox 821 2129 881 2158; x_wconf 92' lang='lat' dir='ltr'><strong>ne</strong></span> <span class='ocrx_word' id='word_1_186' title='bbox 907 2112 1087 2158; x_wconf 89' lang='lat' dir='ltr'><strong>semina</strong></span> <span class='ocrx_word' id='word_1_187' title='bbox 1113 2126 1328 2159; x_wconf 87' lang='lat' dir='ltr'><strong>matrem.</strong></span> 
     </span>
     <span class='ocr_line' id='line_1_29' title="bbox 138 2176 1348 2240; baseline 0.002 -17"><span class='ocrx_word' id='word_1_188' title='bbox 138 2176 254 2240; x_wconf 89' lang='lat' dir='ltr'><strong>quin</strong></span> <span class='ocrx_word' id='word_1_189' title='bbox 282 2177 423 2224; x_wconf 91' lang='lat' dir='ltr'><strong>etiam</strong></span> <span class='ocrx_word' id='word_1_190' title='bbox 450 2178 570 2224; x_wconf 90' lang='lat' dir='ltr'><strong>caeli</strong></span> <span class='ocrx_word' id='word_1_191' title='bbox 597 2178 839 2240; x_wconf 89' lang='lat' dir='ltr'><strong>regionem</strong></span> <span class='ocrx_word' id='word_1_192' title='bbox 865 2179 916 2225; x_wconf 94' lang='lat' dir='ltr'><strong>in</strong></span> <span class='ocrx_word' id='word_1_193' title='bbox 942 2179 1120 2226; x_wconf 88' lang='lat' dir='ltr'><strong>cortice</strong></span> <span class='ocrx_word' id='word_1_194' title='bbox 1147 2179 1348 2240; x_wconf 89' lang='lat' dir='ltr'><strong>signant,</strong></span> 
     </span>
     <span class='ocr_line' id='line_1_30' title="bbox 139 2246 1582 2309; baseline 0.001 -19"><span class='ocrx_word' id='word_1_195' title='bbox 139 2256 192 2290; x_wconf 91' lang='lat' dir='ltr'><strong>ut</strong></span> <span class='ocrx_word' id='word_1_196' title='bbox 217 2262 311 2307; x_wconf 94' lang='lat' dir='ltr'><strong>quo</strong></span> <span class='ocrx_word' id='word_1_197' title='bbox 336 2262 551 2308; x_wconf 90' lang='lat' dir='ltr'><strong>quaeque</strong></span> <span class='ocrx_word' id='word_1_198' title='bbox 577 2246 720 2292; x_wconf 95' lang='lat' dir='ltr'><strong>modo</strong></span> <span class='ocrx_word' id='word_1_199' title='bbox 748 2246 944 2304; x_wconf 87' lang='lat' dir='ltr'><strong>steterit,</strong></span> <span class='ocrx_word' id='word_1_200' title='bbox 973 2264 1063 2309; x_wconf 90' lang='lat' dir='ltr'><strong>qua</strong></span> <span class='ocrx_word' id='word_1_201' title='bbox 1088 2261 1218 2309; x_wconf 89' lang='lat' dir='ltr'><strong>parte</strong></span> <span class='ocrx_word' id='word_1_202' title='bbox 1245 2246 1423 2293; x_wconf 87' lang='lat' dir='ltr'><strong>calores</strong></span> <span class='ocrx_word' id='word_1_203' title='bbox 1520 2271 1582 2302; x_wconf 92' lang='lat'><strong>270</strong></span> 
     </span>
     <span class='ocr_line' id='line_1_31' title="bbox 141 2311 1270 2376; baseline 0.003 -20"><span class='ocrx_word' id='word_1_204' title='bbox 141 2311 368 2358; x_wconf 88' lang='lat' dir='ltr'><strong>austrinos</strong></span> <span class='ocrx_word' id='word_1_205' title='bbox 395 2313 573 2370; x_wconf 89' lang='lat' dir='ltr'><strong>tulerit,</strong></span> <span class='ocrx_word' id='word_1_206' title='bbox 601 2330 721 2376; x_wconf 90' lang='lat' dir='ltr'><strong>quae</strong></span> <span class='ocrx_word' id='word_1_207' title='bbox 749 2327 876 2374; x_wconf 90' lang='lat' dir='ltr'><strong>terga</strong></span> <span class='ocrx_word' id='word_1_208' title='bbox 900 2313 1155 2361; x_wconf 75' lang='lat' dir='ltr'><strong>obverterit</strong></span> <span class='ocrx_word' id='word_1_209' title='bbox 1180 2313 1270 2372; x_wconf 78' lang='lat' dir='ltr'><strong>axi,</strong></span> 
     </span>
     <span class='ocr_line' id='line_1_32' title="bbox 140 2378 1527 2429; baseline 0.003 -5"><span class='ocrx_word' id='word_1_210' title='bbox 140 2378 415 2428; x_wconf 88' lang='lat' dir='ltr'><strong>restituant:</strong></span> <span class='ocrx_word' id='word_1_211' title='bbox 455 2381 610 2427; x_wconf 88' lang='lat' dir='ltr'><strong>adeo</strong></span> <span class='ocrx_word' id='word_1_212' title='bbox 599 2398 650 2427; x_wconf 82' lang='lat' dir='ltr'><strong>in</strong></span> <span class='ocrx_word' id='word_1_213' title='bbox 677 2381 850 2427; x_wconf 90' lang='lat' dir='ltr'><strong>teneris</strong></span> <span class='ocrx_word' id='word_1_214' title='bbox 878 2398 1183 2428; x_wconf 89' lang='lat' dir='ltr'><strong>consuescere</strong></span> <span class='ocrx_word' id='word_1_215' title='bbox 1209 2381 1418 2428; x_wconf 90' lang='lat' dir='ltr'><strong>multum</strong></span> <span class='ocrx_word' id='word_1_216' title='bbox 1443 2395 1527 2429; x_wconf 89' lang='lat' dir='ltr'><strong>est.</strong></span> 
     </span>
     <span class='ocr_line' id='line_1_33' title="bbox 143 2445 1264 2511; baseline 0.004 -20"><span class='ocrx_word' id='word_1_217' title='bbox 143 2445 340 2493; x_wconf 90' lang='lat' dir='ltr'><strong>collibus</strong></span> <span class='ocrx_word' id='word_1_218' title='bbox 366 2465 423 2494; x_wconf 92' lang='lat' dir='ltr'><strong>an</strong></span> <span class='ocrx_word' id='word_1_219' title='bbox 448 2448 598 2511; x_wconf 74' lang='lat' dir='ltr'><strong>plano‘</strong></span> <span class='ocrx_word' id='word_1_220' title='bbox 619 2449 790 2495; x_wconf 88' lang='lat' dir='ltr'><strong>melius</strong></span> <span class='ocrx_word' id='word_1_221' title='bbox 818 2448 876 2495; x_wconf 92' lang='lat' dir='ltr'><strong>sit</strong></span> <span class='ocrx_word' id='word_1_222' title='bbox 901 2465 1075 2511; x_wconf 89' lang='lat' dir='ltr'><strong>ponere</strong></span> <span class='ocrx_word' id='word_1_223' title='bbox 1101 2448 1264 2506; x_wconf 83' lang='lat' dir='ltr'><strong>vitem,</strong></span> 
     </span>
     <span class='ocr_line' id='line_1_34' title="bbox 142 2515 1417 2592; baseline 0.004 -35"><span class='ocrx_word' id='word_1_224' title='bbox 142 2529 314 2573; x_wconf 87' lang='lat' dir='ltr'><strong>quaere</strong></span> <span class='ocrx_word' id='word_1_225' title='bbox 338 2515 483 2592; x_wconf 50' lang='lat' dir='ltr'><strong>prius:</strong></span> <span class='ocrx_word' id='word_1_226' title='bbox 551 2516 586 2562; x_wconf 87' lang='lat' dir='ltr'><strong>si</strong></span> <span class='ocrx_word' id='word_1_227' title='bbox 611 2516 801 2579; x_wconf 91' lang='lat' dir='ltr'><strong>pinguis</strong></span> <span class='ocrx_word' id='word_1_228' title='bbox 829 2534 956 2577; x_wconf 88' lang='lat' dir='ltr'><strong>agros</strong></span> <span class='ocrx_word' id='word_1_229' title='bbox 981 2516 1219 2562; x_wconf 88' lang='lat' dir='ltr'><strong>metabere</strong></span> <span class='ocrx_word' id='word_1_230' title='bbox 1246 2516 1417 2579; x_wconf 90' lang='lat' dir='ltr'><strong>campi,</strong></span> 
     </span>
     <span class='ocr_line' id='line_1_35' title="bbox 142 2579 1455 2645; baseline 0.004 -21"><span class='ocrx_word' id='word_1_231' title='bbox 142 2579 285 2625; x_wconf 89' lang='lat' dir='ltr'><strong>densa</strong></span> <span class='ocrx_word' id='word_1_232' title='bbox 309 2597 436 2629; x_wconf 86' lang='lat' dir='ltr'><strong>sere:</strong></span> <span class='ocrx_word' id='word_1_233' title='bbox 471 2582 521 2629; x_wconf 92' lang='lat' dir='ltr'><strong>in</strong></span> <span class='ocrx_word' id='word_1_234' title='bbox 547 2584 694 2631; x_wconf 91' lang='lat' dir='ltr'><strong>denso</strong></span> <span class='ocrx_word' id='word_1_235' title='bbox 720 2602 817 2631; x_wconf 93' lang='lat' dir='ltr'><strong>non</strong></span> <span class='ocrx_word' id='word_1_236' title='bbox 846 2583 1027 2645; x_wconf 85' lang='lat' dir='ltr'><strong>segnior</strong></span> <span class='ocrx_word' id='word_1_237' title='bbox 1052 2583 1195 2630; x_wconf 89' lang='lat' dir='ltr'><strong>ubere</strong></span> <span class='ocrx_word' id='word_1_238' title='bbox 1223 2583 1455 2630; x_wconf 90' lang='lat' dir='ltr'><strong>Bacchus.</strong></span> 
     </span>
     <span class='ocr_line' id='line_1_36' title="bbox 143 2646 1328 2728; baseline 0.005 -37"><span class='ocrx_word' id='word_1_239' title='bbox 143 2646 215 2692; x_wconf 90' lang='lat' dir='ltr'><strong>sin</strong></span> <span class='ocrx_word' id='word_1_240' title='bbox 243 2648 435 2694; x_wconf 91' lang='lat' dir='ltr'><strong>tumulis</strong></span> <span class='ocrx_word' id='word_1_241' title='bbox 461 2651 643 2698; x_wconf 87' lang='lat' dir='ltr'><strong>adclive</strong></span> <span class='ocrx_word' id='word_1_242' title='bbox 670 2653 822 2699; x_wconf 91' lang='lat' dir='ltr'><strong>solum</strong></span> <span class='ocrx_word' id='word_1_243' title='bbox 852 2652 1092 2728; x_wconf 79' lang='lat' dir='ltr'><strong>collesque</strong></span> <span class='ocrx_word' id='word_1_244' title='bbox 1119 2651 1328 2713; x_wconf 90' lang='lat' dir='ltr'><strong>supinos,</strong></span> 
     </span>
     <span class='ocr_line' id='line_1_37' title="bbox 143 2712 1422 2778; baseline 0.002 -19"><span class='ocrx_word' id='word_1_245' title='bbox 143 2712 339 2775; x_wconf 89' lang='lat' dir='ltr'><strong>indulge</strong></span> <span class='ocrx_word' id='word_1_246' title='bbox 365 2716 637 2775; x_wconf 77' lang='lat' dir='ltr'><strong>ordinibu53</strong></span> <span class='ocrx_word' id='word_1_247' title='bbox 673 2737 762 2766; x_wconf 92' lang='lat' dir='ltr'><strong>nec</strong></span> <span class='ocrx_word' id='word_1_248' title='bbox 790 2720 931 2766; x_wconf 90' lang='lat' dir='ltr'><strong>setius</strong></span> <span class='ocrx_word' id='word_1_249' title='bbox 959 2719 1112 2766; x_wconf 91' lang='lat' dir='ltr'><strong>omnis</strong></span> <span class='ocrx_word' id='word_1_250' title='bbox 1137 2719 1187 2764; x_wconf 90' lang='lat' dir='ltr'><strong>in</strong></span> <span class='ocrx_word' id='word_1_251' title='bbox 1215 2733 1422 2778; x_wconf 88' lang='lat' dir='ltr'><strong>unguem</strong></span> 
     </span>
    </p>
   </div>
   <div class='ocr_carea' id='block_1_3' title="bbox 361 2796 1297 2897">
    <p class='ocr_par' dir='ltr' id='par_1_4' title="bbox 361 2796 1297 2897">
     <span class='ocr_line' id='line_1_38' title="bbox 361 2796 1297 2848; baseline 0 -16"><span class='ocrx_word' id='word_1_252' title='bbox 361 2804 436 2842; x_wconf 90' lang='lat'><strong>247</strong></span> <span class='ocrx_word' id='word_1_253' title='bbox 468 2808 607 2834; x_wconf 88' lang='lat' dir='ltr'><strong>amaro.</strong></span> <span class='ocrx_word' id='word_1_254' title='bbox 721 2798 797 2847; x_wconf 84' lang='lat'><strong>256</strong></span> <span class='ocrx_word' id='word_1_255' title='bbox 828 2798 1022 2848; x_wconf 84' lang='lat' dir='ltr'><strong>quisquis;</strong></span> <span class='ocrx_word' id='word_1_256' title='bbox 1049 2797 1130 2846; x_wconf 89' lang='lat' dir='ltr'><strong>quis</strong></span> <span class='ocrx_word' id='word_1_257' title='bbox 1151 2796 1297 2845; x_wconf 85' lang='lat' dir='ltr'><strong>cuique.</strong></span> 
     </span>
     <span class='ocr_line' id='line_1_39' title="bbox 818 2868 842 2897; baseline 0 0"><span class='ocrx_word' id='word_1_258' title='bbox 818 2868 842 2897; x_wconf 88' lang='lat' dir='ltr'>E</span> 
     </span>
    </p>
   </div>
  </div>
 </body>
</html>
