1866 3208
279 228 355 267 268
729 230 774 270 P.
803 229 1036 289 VERGIU
1066 231 1322 270 MARoms

346 353 473 382 arma
498 335 624 382 inter
650 336 828 381 nubem
855 335 973 381 caeli
999 335 1048 382 in
1075 336 1266 397 regione
1293 351 1458 382 serena

344 419 428 464 per
453 403 624 448 sudum
650 401 842 447 rutilare
867 401 1031 449 vident
1057 416 1103 449 et
1129 403 1262 465 pulsa
1288 416 1467 449 tonare.

344 468 613 529 obstipuere
640 467 807 513 animis
833 467 912 513 alii
937 488 950 525 ;
986 469 1065 515 sed
1091 469 1265 516 Tro'l'us
1290 470 1425 514 heros
1709 494 1772 524 530

344 533 568 595 adgnovit
594 534 803 580 sonitum
830 547 876 580 et
901 535 1037 582 divae
1061 536 1285 598 promissa
1310 534 1535 597 parentis.

343 613 446 646 tum
473 613 705 646 memorat
729 619 739 647 2
778 605 790 625 ‘
810 617 870 646 ne
895 617 1023 658 ver0,
1048 603 1231 664 hospes,
1257 618 1316 647 ne
1342 618 1513 664 quaere
1541 602 1773 663 profecto,

342 683 487 729 quem
514 683 674 712 casum
701 680 920 728 portenta
947 667 1099 714 ferant
1122 689 1135 725 ;
1174 685 1257 729 ego
1282 685 1446 729 poscor
1473 669 1701 730 Olympo,

341 735 431 779 hoc
459 732 645 793 signum
671 732 850 779 cecinit
876 733 1120 781 missuram
1146 735 1251 780 diva
1278 734 1494 790 creatrix,

341 799 375 845 si
404 799 584 845 bellum
611 799 870 860 ingrueret,
896 800 1229 864 Vulcaniaque
1257 817 1382 847 arma
1409 817 1491 862 per
1516 817 1648 847 auras

341 866 543 912 laturam
570 866 764 913 auxilio.

340 934 433 978 heu
461 945 667 995 quantae
694 932 874 979 miseris
901 934 1065 980 caedes
1091 934 1406 981 Laurentibus
1433 934 1612 980 instant
1635 933 1644 980 l

339 1017 450 1061 quas
467 1016 642 1062 poenas
661 999 793 1055 mihi,
815 1000 1001 1058 Turne,
1019 1000 1146 1047 dabis
1165 1002 1174 1048 !
1203 1018 1344 1064 quam
1362 1001 1510 1047 multa
1523 1000 1609 1046 sub
1625 1000 1771 1046 undas

340 1079 470 1112 scuta
496 1066 651 1112 virum
678 1066 932 1129 galeasque
960 1079 1007 1112 et
1034 1067 1171 1114 fortia
1196 1085 1392 1130 corpora
1418 1067 1592 1125 volves,

340 1132 527 1193 Thybri
547 1145 680 1194 pater
704 1133 712 1179 Ε
754 1145 951 1194 poscant
977 1133 1099 1179 acies
1127 1146 1172 1180 et
1198 1134 1387 1180 foedera
1414 1134 1673 1196 rumpant)
1710 1156 1774 1187 540

406 1200 522 1245 haec
550 1199 629 1245 ubi
657 1199 784 1245 dicta
812 1199 958 1254 dedit,
987 1200 1103 1246 solio
1129 1217 1174 1246 se
1203 1200 1329 1247 tollit
1355 1200 1410 1246 ab
1437 1201 1531 1246 alto
1558 1220 1572 1256 ;

341 1279 387 1311 et
413 1265 621 1327 primum
647 1266 903 1312 Herculeis
933 1266 1103 1328 sopitas
1129 1266 1317 1327 ignibus
1344 1284 1440 1312 aras

340 1332 532 1389 excitat,
560 1333 935 1394 hesternumque
964 1333 1136 1380 Larem
1162 1350 1424 1395 parvosque
1454 1333 1654 1379 Penates

339 1399 487 1445 laetus
514 1399 612 1445 adit
635 1420 648 1455 ;
686 1411 859 1445 mactat
887 1400 1032 1445 lectas
1059 1400 1117 1446 de
1145 1416 1274 1446 more
1300 1399 1515 1445 bidentes

341 1465 590 1511 Euandrus
618 1465 804 1527 pariter,
834 1465 1010 1528 pariter
1037 1466 1250 1512 Troiana
1276 1465 1514 1513 iuventus.

339 1545 442 1594 post
467 1532 582 1578 hinc
610 1532 668 1578 ad
695 1549 836 1578 naves
863 1532 1089 1593 graditur,
1115 1532 1359 1595 sociosque
1384 1532 1547 1579 revisit
1569 1552 1582 1588 ;

339 1615 541 1661 quorum
567 1599 624 1645 de
652 1616 870 1656 numero,
898 1598 978 1662 qui
1006 1616 1101 1645 sese
1128 1599 1178 1645 in
1205 1599 1330 1646 bella
1356 1611 1629 1662 sequantur,

339 1678 626 1727 praestantes
653 1666 828 1712 virtute
855 1666 1009 1726 legit3
1045 1683 1148 1727 pars
1176 1679 1332 1712 cetera
1355 1682 1505 1728 prona

338 1732 489 1778 fertur
514 1749 645 1794 aqua
661 1732 911 1794 segnisque
939 1732 1150 1778 secundo
1175 1731 1345 1778 defluit
1371 1731 1516 1789 amni,

338 1798 507 1844 nuntia
534 1811 734 1845 ventura
760 1798 968 1844 Ascanio
993 1814 1246 1861 rerumque
1272 1798 1524 1861 patrisque.
1712 1821 1774 1851 550

337 1865 511 1910 dantur
536 1864 645 1927 equi
674 1864 878 1911 Teucris
907 1864 1159 1927 Tyrrhena
1183 1864 1456 1927 petentibus
1482 1882 1589 1911 arva
1612 1885 1625 1920 ;

336 1931 522 1978 ducunt
547 1945 778 1978 exsortem
804 1932 1016 1988 Aeneae,
1041 1948 1184 1994 quem
1211 1931 1340 1977 fulva
1366 1931 1516 1977 leonis

336 1998 474 2060 pellis
501 1998 602 2044 obit
629 2011 800 2055 totum,
828 1998 1131 2060 praefulgens
1157 1997 1393 2059 unguibus
1419 1997 1585 2044 aureis.

404 2065 528 2110 fama
553 2065 679 2110 volat
705 2081 896 2126 parvam
925 2064 1080 2110 subito
1106 2065 1297 2125 vulgata
1322 2081 1406 2127 per
1431 2064 1613 2122 urbem,

336 2131 468 2178 ocius
494 2131 561 2177 ire
589 2131 772 2194 equites
798 2129 1042 2192 Tyrrheni
1071 2131 1126 2177 ad
1152 2131 1289 2178 litora
1315 2131 1450 2192 regis.

335 2212 443 2244 vota
470 2212 598 2245 metu
626 2198 880 2273 duplicant
907 2211 1098 2254 matres,
1122 2197 1411 2261 propiusque
1435 2197 1617 2260 periclo

336 2263 374 2310 it
400 2264 557 2321 timor,
583 2278 629 2311 et
656 2264 807 2310 maior
836 2264 1049 2310 Martis
1038 2281 1131 2311 iam
1157 2277 1351 2327 apparet
1376 2264 1546 2324 imago.

338 2344 440 2377 tum
467 2344 599 2392 pater
626 2331 874 2376 Euandrus
901 2331 1117 2377 dextram
1143 2331 1419 2392 complexus
1446 2329 1602 2377 euntis

337 2398 514 2454 haeret,
542 2397 814 2471 inexpletus
841 2397 1109 2454 lacrimans,
1136 2413 1187 2443 ac
1215 2396 1324 2442 talia
1349 2396 1474 2442 fatur
1496 2414 1506 2442 :

305 2468 317 2489 ‘
336 2481 365 2510 o
390 2463 507 2510 mihi
533 2462 811 2525 praeteritos
838 2463 1009 2509 referat
1034 2462 1070 2508 si
1100 2462 1316 2525 Iuppiter
1340 2479 1504 2520 annos,
1710 2478 1772 2516 560

337 2530 488 2593 qualis
516 2546 659 2588 eram,
687 2546 799 2576 cum
825 2529 1028 2592 primam
1055 2529 1207 2575 aciem
1236 2529 1487 2576 Praeneste
1513 2528 1636 2575 sub
1624 2545 1724 2591 ipsa

337 2596 477 2643 stravi
505 2610 846 2660 scutorumque
872 2595 1068 2642 incendi
1095 2595 1249 2642 victor
1273 2612 1478 2653 acervos,

337 2676 384 2711 et
409 2680 567 2724 regem
591 2665 680 2710 hac
707 2663 905 2710 Erulum
930 2663 1097 2709 dextra
1121 2662 1206 2710 sub
1231 2662 1431 2709 Tartara
1456 2662 1559 2709 misi
1583 2679 1597 2710 ε

459 2754 533 2794 529
555 2757 698 2783 sonare.
812 2753 885 2794 543
908 2751 1121 2783 externum.
1234 2753 1308 2793 559
1339 2743 1586 2792 inexpletum.
