1866 3208
217 228 261 267 P.
292 226 527 266 VERGILI
557 227 817 328 MAREJNIS
846 226 1123 264 AENEIDOS
1152 225 1255 263 LIB.
1286 226 1370 263 VII
1473 236 1547 276 231

120 337 301 382 Aurora
325 336 376 382 in
401 334 544 381 roseis
570 333 785 394 fulgebat
811 318 940 382 lu'tea
966 334 1084 396 bigis
1109 353 1119 381 :

121 420 230 449 cum
258 402 387 449 venti
412 417 629 465 posuere,
657 400 908 464 omnisque
934 415 1134 464 repente
1159 400 1334 448 resedit

120 470 271 528 flatuS,
300 482 347 516 et
368 469 581 518 insse-nto
607 468 853 514 luctantur
878 485 1114 515 marmore
1140 481 1319 515 tonsae.

122 551 264 599 atque
289 536 368 583 hic
393 537 582 582 Aeneas
607 534 857 596 ingentem
885 553 941 581 ex
969 552 1171 598 aequore
1197 536 1361 582 lucum

117 604 363 666 prospicit.
433 605 563 649 hunc
590 601 716 649 inter
741 601 888 648 fluvio
916 602 1180 649 Tiberinus
1204 619 1427 660 amoeno,
1514 627 1555 658 30

118 671 375 717 verticibus
401 669 573 732 rapidis
600 682 647 715 et
672 669 824 715 multa
850 668 996 715 flavus
1022 671 1217 727 harena,

118 737 168 783 in
196 754 323 784 mare
347 736 613 800 prorumpit
635 756 649 792 3
686 736 839 783 variae
867 736 1144 799 circumque
1170 753 1401 800 supraque

118 804 338 850 adsuetae
364 804 476 866 ripis
502 804 718 850 volucres
746 817 792 851 et
818 802 1030 850 fluminis
1056 804 1191 850 alveo

119 873 308 917 aethera
334 871 614 918 mulcebant
640 883 786 917 cantu
814 870 1021 933 lucoque
1046 871 1290 918 volabant.

44 969 58 985 χ
117 937 310 985 flectere
337 939 427 984 iter
452 937 588 984 sociis
617 951 863 1001 terraeque
891 938 1137 984 advertere
1163 955 1321 1001 proras

117 1005 333 1068 imperat,
363 1019 409 1052 et
435 1006 585 1051 laetus
612 1005 757 1052 fluvio
787 1005 1002 1052 succedit
1027 1022 1191 1068 opaco,

184 1089 313 1119 nunc
341 1089 439 1133 age,
468 1072 548 1135 qui
577 1089 722 1134 reges,
752 1073 912 1131 Erato,
942 1090 1062 1135 quae
1090 1085 1304 1135 tempora
1329 1088 1503 1129 rerum,

115 1139 218 1202 quis
243 1139 382 1186 Latio
408 1139 606 1202 antiquo
633 1139 780 1186 fuerit
807 1153 968 1198 status,
997 1140 1178 1185 advena
1206 1139 1401 1185 classem

116 1223 225 1268 cum
251 1206 458 1269 primum
484 1206 709 1253 Ausoniis
739 1207 974 1253 exercitus
1001 1206 1188 1269 appulit
1213 1206 1319 1264 oris,

117 1274 383 1337 expediam,
412 1288 459 1320 et
483 1274 666 1336 primae
692 1275 927 1321 revocabo
955 1274 1146 1320 exordia
1171 1290 1375 1335 pugnae.
1515 1298 1556 1327 40

116 1354 166 1388 tu
193 1354 367 1399 vatem,
394 1355 461 1399 tu,
488 1341 612 1400 diva,
639 1358 800 1389 mone.
875 1341 1030 1388 dicam
1056 1341 1244 1387 horrida
1270 1340 1414 1398 bella,

117 1408 273 1455 dicam
301 1408 437 1466 acies,
466 1422 691 1471 actosque
719 1408 890 1455 animis
916 1409 967 1454 in
993 1408 1162 1454 funera
1187 1424 1333 1468 reges,

117 1475 518 1538 Tyrrhenamque
545 1492 759 1534 manum,
789 1488 1034 1538 totamque
1060 1475 1145 1521 sub
1173 1491 1297 1520 arma
1325 1486 1541 1521 coactam

116 1542 420 1605 Hesperiam.
491 1543 642 1590 maior
667 1560 826 1590 rerum
853 1542 972 1589 mihi
1001 1542 1210 1589 nascitur
1234 1542 1386 1599 ordo3

115 1609 263 1656 maius
290 1627 405 1684 opus
430 1626 617 1657 moveo.
690 1627 773 1656 rex
801 1627 910 1656 arva
935 1609 1134 1655 Latinus
1161 1621 1208 1655 et
1235 1609 1372 1655 urbes

115 1677 207 1723 iam
234 1677 393 1723 senior
418 1677 559 1738 longa
585 1677 835 1740 placidas
823 1694 874 1722 1n
899 1693 1017 1739 pace
1042 1676 1252 1737 regebat.

115 1745 243 1791 hunc
271 1745 436 1790 Fauno
464 1757 510 1790 et
537 1745 751 1807 nympha
779 1743 995 1805 genitum
1022 1744 1265 1790 Laurente
1294 1743 1483 1790 Marica

116 1810 374 1873 accipimus
396 1830 411 1865 3
448 1812 614 1858 Fauno
644 1811 784 1858 Picus
810 1824 978 1873 pater3
1016 1810 1148 1874 isque
1172 1823 1422 1872 parentem

115 1891 177 1936 te,
207 1879 421 1934 Saturne,
448 1879 597 1925 refert
619 1899 632 1936 3
672 1892 723 1926 tu
752 1877 988 1940 sanguinis
1016 1878 1214 1925 ultimus
1240 1890 1418 1925 auctor.

114 1945 239 1992 filius
263 1945 374 1993 huic
402 1946 502 1992 fato
528 1946 689 1993 divom
715 1946 968 2009 prolesque
992 1945 1141 1992 virilis
1517 1969 1557 1998 50

115 2013 250 2059 nulla
277 2013 384 2071 fuit,
411 2013 660 2077 primaque
689 2013 843 2060 oriens
872 2026 1033 2076 erepta
1058 2013 1255 2059 iuventa
1284 2025 1367 2060 est.

115 2080 212 2127 sola
238 2080 434 2127 domum
463 2094 509 2127 et
536 2093 690 2127 tantas
721 2081 935 2127 servabat
962 2080 1057 2126 filia
1082 2080 1230 2137 sedes,

114 2147 209 2194 iam
235 2161 418 2194 matura
444 2147 560 2204 viro,
588 2147 682 2195 iarn
711 2147 866 2211 plenis
894 2147 1069 2194 nubilis
1096 2146 1247 2194 annis.

115 2214 255 2261 multi
282 2215 416 2262 illam
443 2232 615 2291 magno
645 2232 668 2261 e
696 2215 836 2261 Latio
863 2227 1057 2278 totaque
1084 2214 1316 2277 petebant

115 2282 364 2339 Ausonia;
400 2283 522 2358 petit
549 2295 661 2329 ante
690 2282 804 2329 alios
830 2282 1180 2344 pulcherrimus
1205 2297 1373 2328 omnes

118 2348 327 2407 Turnus,
354 2350 447 2396 avis
475 2350 717 2414 atavisque
745 2363 933 2414 potens,
961 2366 1105 2412 quem
1132 2348 1257 2410 regia
1283 2347 1497 2395 coniunx

120 2415 310 2477 adiungi
335 2434 564 2478 generum
591 2419 712 2465 miro
738 2417 1023 2481 properabat
1048 2433 1208 2463 amore
1232 2437 1245 2473 ;

121 2482 202 2529 sed
225 2484 362 2531 variis
387 2499 610 2548 portenta
635 2486 781 2533 deum
810 2484 1066 2531 terroribus
1093 2484 1300 2531 obstant.

120 2550 274 2596 laurus
300 2565 398 2598 erat
423 2553 538 2600 tecti
565 2553 725 2601 medio
752 2553 802 2599 in
828 2551 1158 2615 penetralibus
1183 2550 1306 2608 altis,

120 2633 247 2663 sacra
273 2634 474 2675 comam,
502 2621 774 2684 multosque
801 2633 935 2667 metu
962 2632 1142 2666 servata
1167 2635 1252 2681 per
1278 2632 1442 2672 annos,
1514 2629 1556 2660 60

120 2700 263 2746 quam
287 2697 422 2747 pater
446 2686 710 2745 inventam,
736 2687 911 2750 primas
938 2703 1049 2733 cum
1077 2686 1307 2732 conderet
1332 2698 1474 2739 arces,

120 2750 220 2813 ipse
246 2751 489 2798 ferebatur
516 2753 710 2799 Phoebo
737 2770 938 2799 sacrasse
966 2752 1180 2807 Latinus,
