1861 3256
554 234 831 273 AENEIDos
861 235 965 274 ΜΒ.
994 236 1058 273 iv
1487 247 1556 283 171

127 345 158 404 i,
185 363 326 403 soror,
353 357 495 407 atque
521 344 707 388 hostem
733 344 934 405 supplex
962 344 1122 390 adfare
1150 343 1422 406 superbum,

127 431 226 459 non
254 430 339 474 ego
365 428 474 458 cum
499 409 679 456 Danais
707 409 971 457 Troianam
999 410 1276 457 exscindere
1301 424 1497 471 gentem

124 480 301 526 Aulide
327 477 492 535 iuravi,
518 476 776 523 classemve
803 477 861 522 ad
888 477 1112 538 Pergama
1137 477 1257 536 misi,

127 564 217 593 nec
242 546 386 609 patris
409 543 648 591 Anchisae
675 543 887 589 cinerem
916 545 1151 591 Manesve
1177 544 1376 601 revelli,

126 631 210 660 cur
234 630 340 659 mea
365 612 492 658 dicta
518 623 660 671 neget
687 610 823 656 duras
849 611 1106 658 demittere
1132 612 1182 658 in
1211 616 1380 658 aures?

125 698 219 743 quo
240 680 371 727 ruit?
408 692 674 725 extremum
699 679 791 723 hoc
812 677 1009 724 miserae
1037 679 1119 725 det
1145 697 1319 726 munus
1342 679 1522 726 amanti
1548 698 1557 724 ;

127 760 371 823 exspectet
398 746 685 820 facilemque
712 745 872 805 fugam
898 759 1162 809 ventosque
1189 747 1414 793 ferentes.
1499 771 1560 800 430

124 831 223 860 non
250 814 344 860 iam
371 812 647 873 coniugium
673 812 942 874 antiquum,
972 814 1100 875 quod
1127 814 1355 875 prodidit,
1383 831 1479 871 or0,

123 898 214 928 nec
239 881 443 943 pulchro
469 892 522 925 ut
546 878 685 925 Latio
712 893 869 925 careat
894 897 1194 943 regnumque
1218 881 1492 944 relinquat:

123 962 312 1011 tempus
336 947 481 993 inane
506 959 635 1009 peto,
663 946 880 1008 requiem
907 947 1208 1010 spatiumque
1235 948 1398 1005 furori,

122 1015 237 1061 dum
264 1032 370 1061 mea
395 1031 473 1060 me
498 1013 676 1060 victam
703 1014 874 1060 doceat
901 1014 1093 1060 fortuna
1121 1015 1302 1062 dolere.

123 1095 385 1128 extremam
410 1082 536 1127 hanc
563 1098 645 1127 oro
671 1081 1175 1138 veniam‚-—miserere
1202 1081 1439 1128 sororis—

121 1166 263 1212 quam
283 1148 403 1194 mihi
429 1165 539 1195 cum
565 1148 768 1206 dederit,
791 1148 1084 1195 cumulatam
1105 1162 1258 1195 morte
1285 1149 1560 1195 remittam.’

188 1216 363 1262 talibus
387 1216 566 1273 orabat,
595 1216 808 1279 talesque
835 1216 1096 1262 miserrima
1123 1216 1264 1263 fletus

120 1284 308 1346 fertque
334 1283 576 1345 refertque
603 1283 744 1330 soror.
817 1283 897 1329 sed
923 1283 1068 1329 nullis
1095 1284 1179 1330 ille
1206 1296 1425 1330 movetur

119 1350 324 1407 fletibus,
352 1363 433 1396 aut
457 1367 597 1396 voces
623 1351 742 1396 ullas
769 1350 1029 1397 tractabilis
1054 1351 1187 1397 audit
1209 1372 1223 1408 3

119 1418 217 1463 fata
243 1418 450 1473 obstant,
476 1416 784 1480 placidasque
811 1418 897 1463 viri
925 1418 1041 1464 deus
1068 1417 1269 1465 obstruit
1296 1435 1445 1464 aures.
1501 1444 1561 1471 440

120 1502 173 1531 ac
198 1485 334 1530 velut
360 1501 539 1530 annoso
564 1484 773 1530 validam
800 1502 909 1531 cum
935 1486 1104 1532 robore
1131 1502 1361 1548 quercum

117 1551 285 1614 Alpini
313 1552 494 1597 Boreae
519 1567 649 1597 nunc
675 1551 790 1598 hinc
819 1569 948 1599 nunc
975 1551 1163 1598 flatibus
1191 1552 1326 1598 illinc

122 1635 284 1665 eruere
311 1618 436 1664 inter
462 1635 508 1664 se
535 1632 753 1675 certant3
790 1619 828 1664 it
854 1619 1039 1676 stridor,
1069 1632 1116 1665 et
1142 1620 1266 1665 altae

120 1697 436 1732 consternunt
462 1697 634 1731 terram
660 1702 889 1731 concusso
915 1685 1078 1748 stipite
1104 1686 1298 1732 frondes
1321 1707 1335 1741 ;

118 1752 218 1815 ipsa
242 1753 408 1798 haeret
434 1751 656 1814 scopuliS‚
687 1765 748 1809 et,
776 1766 1010 1815 quantum
1037 1752 1219 1799 vertice
1245 1753 1304 1799 ad
1330 1771 1461 1799 auras

119 1818 367 1876 aetherias,
395 1831 585 1865 tantum
610 1819 770 1865 radice
796 1819 846 1865 in
876 1820 1079 1866 Tartara
1106 1820 1294 1867 tendit:

118 1886 248 1932 haud
273 1902 404 1932 secus
431 1877 638 1932 adsiduis
662 1886 778 1933 hinc
806 1899 948 1950 atque
975 1887 1090 1934 hinc
1116 1887 1311 1934 vocibus
1337 1890 1474 1935 heros

117 1953 349 2011 tunditur,
379 1965 425 1999 et
450 1970 624 2014 magno
649 1954 884 2016 persentit
908 1968 1105 2017 pectore
1132 1971 1263 2001 curas
1287 1976 1301 2011 ;

116 2036 252 2067 mens
277 2020 683 2079 inmotamanet3
720 2021 943 2067 lacrimae
969 2022 1232 2068 volvuntur
1258 2022 1441 2069 inanes.

185 2100 288 2134 tum
313 2104 426 2133 vero
451 2088 626 2134 infelix
653 2088 760 2135 fatis
789 2089 1013 2135 exterrita
1039 2089 1170 2136 Dido
1500 2115 1562 2143 450

116 2168 322 2201 mortem
349 2168 481 2211 orat;
519 2155 680 2202 taedet
707 2156 828 2202 caeli
857 2173 1071 2202 convexa
1098 2155 1238 2203 tueri.

119 2240 213 2285 quo
239 2222 384 2283 magis
410 2221 661 2285 inceptum
686 2237 895 2285 peragat,
924 2223 1182 2286 lucemque
1209 2223 1465 2287 relinquat,

119 2289 255 2348 vidit,
282 2289 551 2336 turicremis
578 2307 689 2337 cum
716 2290 843 2336 dona
868 2290 1128 2353 inponeret
1153 2291 1256 2348 aris,

119 2356 412 2403 horrendum
438 2356 587 2416 dictu,
615 2357 780 2404 latices
808 2358 1074 2419 nigrescere
1100 2375 1267 2416 sacros,

121 2422 317 2485 fusaque
342 2423 392 2470 in
419 2425 681 2472 obscenum
708 2443 755 2472 se
780 2440 967 2472 vertere
992 2425 1104 2472 vina
1130 2443 1363 2473 cruorem.

122 2489 214 2535 hoc
238 2489 389 2538 visum
415 2493 556 2550 nulli,
585 2510 684 2539 non
710 2493 799 2556 ipsi
829 2494 969 2540 effata
996 2492 1156 2540 sorori.

121 2568 365 2631 praeterea
390 2558 519 2605 fuit
507 2577 557 2606 1n
587 2560 726 2607 tectis
750 2561 810 2607 de
837 2577 1071 2607 marmore
1097 2561 1336 2623 templum

123 2622 336 2683 coniugis
362 2626 562 2688 antiqui,
589 2627 709 2674 miro
736 2628 866 2691 quod
890 2629 1074 2675 honore
1101 2628 1306 2684 colebat,

123 2689 379 2736 velleribus
405 2691 555 2738 niveis
583 2707 629 2740 et
655 2694 775 2741 festa
801 2686 973 2741 fronde
999 2695 1307 2741 revinctum:

226 2766 302 2814 428
335 2775 458 2815 negat.
515 2771 592 2818 436
624 2772 777 2810 dederis.
834 2775 1042 2810 cumulata.
1099 2771 1177 2819 446
1209 2771 1383 2807 radicem.
