1861 3256
631 197 905 236 AENEIDOS
935 198 1039 235 LIB.
1068 198 1086 235 1
1152 251 1163 257 ὴ
1542 210 1614 248 109

136 312 150 333 ‘
174 305 338 353 solvite
365 305 507 352 corde
532 315 728 360 metum,
757 303 958 361 Teucri,
983 304 1212 351 secludite
1239 321 1387 352 curaS.

178 390 248 419 res
274 373 389 419 dura
414 385 460 419 et
484 370 615 432 regni
642 369 822 417 novitas
848 387 924 416 me
952 372 1061 418 talia
1085 384 1262 432 cogunt

178 439 333 486 moliri
361 453 407 486 et
432 439 522 485 late
549 438 664 484 fines
690 437 880 484 custode
909 439 1043 485 tueri.

178 506 280 580 quis
305 522 451 566 genus
475 504 773 561 Aeneadum,
798 503 900 568 quis
926 505 1102 551 Troiae
1127 505 1307 552 nesciat
1333 505 1514 563 urbem,

178 573 464 636 virtutesque
490 572 704 635 virosque
730 584 810 617 aut
837 571 955 618 tanti
981 571 1203 619 incendia
1227 572 1379 619 belli?

179 657 276 686 non
302 639 502 685 obtunsa
528 639 642 685 adeo
666 652 898 698 gestamus
922 652 1113 701 pectora
1141 639 1306 696 Poeni,

178 723 267 753 nec
294 721 390 753 tam
416 723 596 752 aversus
624 722 765 769 equos
793 705 944 767 Tyria
971 706 1049 751 Sol
1076 705 1230 766 iungit
1256 706 1312 753 ab
1339 706 1471 753 urbe.

178 791 258 820 seu
284 791 362 819 vos
390 772 670 836 Hesperiam
696 788 914 832 magnam
943 773 1253 836 Saturniaque
1279 791 1384 820 arva

178 840 274 887 sive
301 840 464 903 Erycis
490 839 605 886 fines
629 855 883 902 regemque
910 839 1078 902 optatis
1103 840 1329 898 Acesten,
1556 863 1621 894 570

178 907 355 954 auxilio
380 921 503 954 tutos
529 906 764 953 dimittam
792 906 1052 969 opibusque
1077 906 1264 954 iuvabo·

178 974 318 1021 vultis
345 988 390 1021 et
415 973 487 1020 his
511 991 702 1020 mecum
730 973 902 1037 pariter
928 974 1170 1020 considere
1197 974 1379 1036 regnis
1372 978 1386 1008 >

179 1042 345 1088 urbem
372 1058 577 1110 quam
541 1054 708 1097 statuo,
737 1055 889 1087 vestra
915 1055 1017 1088 est·
1005 1078 1019 1098 ,
1056 1041 1303 1088 subducite
1330 1057 1504 1087 naves·
1492 1077 1506 1097 ,

180 1109 302 1155 Tros
330 1092 599 1172 Tyriusque
626 1107 744 1154 mihi
774 1108 910 1154 nullo
935 1108 1206 1155 discrimine
1233 1120 1408 1168 agetur.

179 1189 318 1240 atque
347 1175 529 1222 utinam
553 1193 637 1222 rex
664 1175 761 1238 ipse
791 1175 925 1222 Noto
951 1175 1220 1238 compulsus
1248 1174 1415 1222 eodem

179 1242 357 1289 adforet
382 1243 566 1289 Aeneas
590 1242 598 1290 ἔ
641 1243 865 1306 equidem
890 1260 974 1306 per
999 1242 1138 1289 litora
1163 1255 1310 1293 certos

177 1309 413 1357 dimittam
439 1323 486 1356 et
511 1310 690 1372 Libyae
718 1311 915 1357 lustrare
943 1322 1150 1356 extrema
1174 1309 1363 1365 iubebo,

179 1376 213 1423 si
240 1376 409 1440 quibus
436 1376 613 1424 eiectus
640 1377 763 1423 silvis
794 1390 873 1424 aut
898 1377 1089 1423 urbibus
1116 1376 1265 1423 errat?

246 1443 317 1490 his
345 1444 556 1490 animum
585 1444 748 1490 arrecti
779 1444 916 1491 dictis
943 1458 988 1491 et
1013 1444 1145 1491 fortis
1170 1444 1378 1490 Achates

180 1523 226 1557 et
251 1525 382 1573 pater
405 1511 591 1557 Aeneas
617 1511 895 1557 iamdudum
922 1528 1166 1574 erumpere
1193 1511 1371 1557 nubem
1559 1524 1622 1564 580

179 1577 419 1625 ardebant.
489 1578 617 1641 prior
643 1579 842 1624 Aenean
871 1578 1128 1640 compellat
1153 1579 1393 1625 Achates:

179 1658 288 1691 nate
313 1645 412 1702 dea,
441 1661 558 1708 quae
583 1662 714 1691 nunc
744 1645 904 1691 animo
928 1645 1164 1691 sententia
1190 1644 1361 1705 surgit.
1354 1648 1367 1680 Ρ

179 1711 339 1759 omnia
363 1725 463 1759 tuta
488 1712 631 1768 videS,
661 1712 857 1758 classem
883 1711 1125 1775 sociosque
1150 1725 1381 1775 receptos.

179 1796 300 1826 unus
326 1779 466 1834 abest,
495 1778 689 1826 medio
677 1796 726 1825 m
755 1777 906 1826 fluctu
933 1796 1075 1842 quem
1100 1779 1340 1826 vidimus
1329 1779 1417 1865 ipsi

179 1847 510 1903 submersum3
546 1846 684 1894 dictis
712 1846 1000 1909 respondent
1026 1859 1182 1894 cetera
1207 1845 1394 1894 matris.'

179 1914 258 1960 vix
286 1931 338 1960 ea
362 1914 483 1960 fatus
509 1927 620 1971 erat,
648 1931 759 1961 cum
788 1914 1074 1961 circumfusa
1099 1928 1293 1977 repente

179 1980 353 2028 scindit
379 1998 424 2027 se
449 1981 598 2028 nubes
625 1995 671 2028 et
696 1981 746 2028 in
775 1982 962 2028 aethera
985 1995 1152 2044 purgat
1177 1995 1406 2044 apertum.

178 2047 347 2095 restitit
370 2048 555 2095 Aeneas
582 2048 798 2112 claraque
825 2048 876 2095 in
903 2049 1010 2095 luce
1035 2048 1220 2095 refulsit

180 2133 228 2172 os
255 2132 532 2179 umerosque
558 2115 646 2162 deo
673 2115 834 2162 similis
859 2135 873 2172 3
909 2132 1114 2179 namque
1140 2116 1237 2178 ipsa
1261 2116 1481 2162 decoram

182 2182 431 2230 caesariem
457 2197 566 2230 nato
591 2182 805 2243 genetrix
834 2183 1093 2246 lumenque
1119 2182 1337 2229 iuventae
1559 2205 1624 2236 590

182 2267 472 2313 purpureum
498 2264 544 2297 et
570 2251 714 2297 laetos
742 2250 892 2297 oculis
918 2249 1107 2297 adflarat
1131 2250 1331 2296 honores
1354 2269 1363 2296 :

185 2318 319 2380 quale
346 2335 512 2364 manus
538 2318 717 2365 addunt
744 2317 872 2364 ebori
899 2317 1057 2371 deCUS‚
1086 2330 1164 2363 aut
1190 2316 1270 2363 ubi
1296 2316 1417 2363 flavo

185 2398 429 2444 argentum
457 2385 674 2432 Pariusve
700 2385 814 2447 lapis
841 2384 1162 2432 circumdatur
1187 2401 1314 2431 auro,

185 2463 288 2496 tum
313 2452 376 2499 sic
402 2452 612 2513 reginam
638 2452 906 2516 adloquitur
931 2452 1213 2528 cunctisque
1239 2464 1432 2514 repente

187 2517 448 2579 inprovisus
473 2519 570 2568 ait:
611 2526 811 2577 ‘coram‚
840 2537 982 2584 quem
1009 2519 1246 2584 quaeritis,
1273 2519 1434 2566 adsum

189 2583 362 2630 Troius
387 2586 584 2645 Aeneas,
611 2587 803 2649 Libycis
832 2601 1017 2650 ereptus
1043 2587 1100 2634 ab
1125 2587 1278 2634 undis.

188 2668 217 2697 o
241 2651 336 2697 sola
360 2651 576 2699 infandos
603 2654 776 2701 Troiae
802 2654 1017 2702 miserata
1042 2654 1237 2710 labores,

190 2734 307 2782 quae
333 2735 433 2775 nos,
458 2719 675 2782 reliquias
699 2721 936 2777 Danaum,
963 2735 1206 2784 terraeque
1233 2719 1462 2781 marisque
