1866 3208
524 267 801 305 AENEIDOS
831 267 935 306 LIB.
965 267 1027 305 XI
1451 282 1524 320 337

93 374 220 422 haud
245 391 376 421 secus
401 386 541 436 atque
568 372 697 418 alto
686 389 735 418 in
762 373 872 420 luco
899 389 1010 420 cum
1038 373 1156 420 forte
1182 387 1398 421 catervae

95 441 350 488 consedere
376 439 546 494 avium,
572 438 815 501 piscosove
842 457 979 486 amne
1008 440 1214 488 Padusae

95 509 210 555 dant
234 506 438 553 sonitum
463 506 593 552 rauci
619 522 702 568 per
727 522 887 568 stagna
912 508 1126 570 loquacia
1152 508 1308 570 cycni.

64 582 76 602 ‘
95 573 274 631 immo,'
300 573 377 630 ait,
405 578 418 597 ‘
436 590 463 619 o
490 573 648 628 cives,'
675 588 856 635 arrepto
883 588 1096 636 tempore
1123 576 1335 633 Turnus,

63 649 76 669 ‘
95 640 244 701 cogite
271 639 549 696 concilium,
575 653 620 686 et
645 657 811 702 pacem
838 641 1023 687 laudate
1050 642 1290 689 sedentes:
1467 659 1530 698 4150

93 707 163 754 illi
190 706 326 753 armis
351 707 401 752 in
427 723 568 767 regna
593 707 762 754 ruant.’
835 725 922 755 nec
949 708 1088 770 plura
1112 709 1298 756 locutus

93 774 319 836 corripuit
343 790 440 820 sese
466 787 513 820 et
538 774 673 820 tectis
700 774 820 821 citus
847 775 1020 821 extulit
1046 775 1164 823 altis.

59 847 72 867 ‘
91 855 160 898 tu,
185 841 382 898 Voluse,
408 841 572 887 armari
601 841 887 888 Volscorum
915 842 1046 888 edice
1073 843 1323 906 maniplis3

91 907 213 964 duc,'
239 908 317 965 ait,
347 914 421 954 ‘et
447 908 670 956 Rutulos.
743 909 967 971 equitem,
998 910 1261 973 Messapus,
1289 911 1340 958 in
1374 911 1525 969 armis,

92 988 138 1021 et
164 991 274 1021 cum
299 975 440 1022 fratre
467 975 627 1032 Coras,
654 975 757 1022 latis
784 975 1038 1023 diffundite
1065 977 1255 1039 campis.

89 1058 191 1105 pars
215 1041 365 1089 aditus
392 1041 516 1088 urbis
543 1041 697 1089 firmet
723 1057 965 1106 turresque
993 1058 1227 1106 capessat:

92 1122 262 1166 cetera,
288 1126 379 1172 qua
404 1108 542 1165 iusso,
570 1126 760 1155 mecum
787 1127 952 1157 manus
978 1111 1150 1158 inferat
1174 1112 1328 1158 arma?

90 1175 221 1222 ilicet
245 1175 295 1221 in
322 1193 478 1222 muros
505 1189 602 1222 tota
628 1176 904 1223 discurritur
930 1177 1062 1226 urbe.

90 1242 351 1289 concilium
377 1243 474 1305 ipse
500 1256 632 1305 pater
658 1258 704 1290 et
730 1260 898 1304 magna
922 1245 1113 1307 incepta
1138 1245 1336 1293 Latinus

89 1309 258 1357 deserit
284 1327 334 1356 ac
361 1310 480 1356 tristi
508 1311 720 1357 turbatus
747 1325 959 1374 tempore
985 1312 1155 1370 differt,
1467 1339 1528 1370 470

89 1377 335 1440 multaque
360 1395 406 1424 se
432 1377 630 1436 incusat,
659 1378 739 1441 qui
767 1395 862 1424 non
890 1379 1125 1441 acceperit
1151 1380 1277 1427 ultro

88 1444 384 1491 Dardanium
408 1446 621 1501 Aenean,
648 1462 972 1508 generumque
999 1446 1246 1494 adsciverit
1272 1448 1392 1495 urbi.

86 1511 388 1574 praefodiunt
415 1511 492 1557 alii
518 1526 688 1573 portas,
715 1525 794 1559 aut
820 1530 925 1559 saxa
950 1513 1179 1576 sudesque

88 1578 380 1625 subvectant.
453 1578 579 1624 bello
604 1579 681 1625 dat
708 1579 896 1640 signum
922 1597 1061 1627 rauca
1087 1594 1342 1629 cruentum

87 1644 278 1691 bucina.
349 1658 452 1692 tum
479 1662 634 1692 muros
661 1646 784 1693 varia
811 1647 1003 1693 cinxere
1031 1664 1202 1694 corona

86 1725 325 1758 matronae
350 1712 614 1775 puerique3
650 1727 788 1760 vocat
815 1714 945 1761 labor
970 1715 1165 1761 ultimus
1190 1732 1368 1764 omneS.

86 1795 175 1825 nec
201 1795 297 1825 non
325 1780 382 1825 ad
407 1781 643 1842 templum
670 1797 969 1844 summasque
995 1782 1052 1828 ad
1080 1782 1282 1830 Palladis
1309 1801 1436 1831 arces

85 1845 362 1892 subvehitur
386 1863 554 1908 magna
579 1861 783 1894 matrum
809 1849 968 1909 regina
994 1862 1193 1906 caterva,

85 1912 208 1959 dona
232 1914 402 1970 ferens,
431 1913 659 1977 iuxtaque
686 1932 842 1962 comes
869 1916 1065 1963 Lavinia
1090 1917 1232 1979 virgo,

85 1995 221 2026 causa
246 1981 358 2026 mali
385 1981 520 2038 tanti,
546 1983 708 2028 oculos
735 1983 920 2030 deiecta
945 1984 1152 2031 decoros.
1465 1999 1528 2039 480

85 2046 351 2093 succedunt
376 2062 561 2105 matres,
587 2062 634 2095 et
660 2051 894 2111 templum
920 2064 1022 2096 ture
1048 2065 1289 2114 vaporant,

85 2126 131 2159 et
155 2126 350 2160 maestas
374 2115 469 2160 alto
494 2115 704 2161 fundunt
730 2116 787 2162 de
814 2116 981 2163 limine
1008 2135 1143 2163 voces
1164 2137 1173 2164 :

54 2185 66 2206 ‘
84 2179 385 2242 armipotens,
410 2198 591 2244 praeses
618 2182 746 2239 belli,
777 2183 996 2229 Tritonia
1020 2184 1164 2245 virgo,

84 2247 245 2307 frange
270 2263 414 2294 manu
442 2248 592 2295 telum
621 2248 810 2311 Phrygii
837 2250 1098 2312 praedoniS,
1127 2265 1172 2298 et
1197 2251 1351 2314 ipsum

83 2330 287 2388 pron-um
314 2328 467 2362 sterne
494 2316 607 2372 solo,
632 2316 874 2379 portisque
902 2318 1094 2364 effunde
1121 2319 1207 2365 sub
1232 2319 1368 2367 altis.’

86 2379 289 2454 cingitur
314 2381 412 2443 ipse
438 2382 597 2429 furens
625 2383 838 2430 certatim
865 2384 914 2430 in
941 2386 1119 2447 proelia
1146 2386 1359 2434 Turnus.

84 2446 269 2509 iamque
294 2448 409 2495 adeo
433 2449 630 2496 rutilum
657 2451 846 2497 thoraca
872 2451 1066 2498 indutus
1094 2453 1220 2500 aenis

83 2513 303 2561 horrebat
328 2516 542 2577 squamis,
572 2534 790 2580 surasque
817 2518 1073 2566 incluserat
1098 2537 1225 2577 auro,

84 2591 295 2642 tempora
321 2582 474 2628 nudus
500 2583 710 2641 adhuc,¹
699 2585 931 2648 raterique
958 2586 1227 2634 accinxerat
1255 2603 1429 2643 ensem,

85 2646 390 2709 fulgebatque
415 2649 507 2695 alta
531 2650 787 2698 decurrens
814 2669 978 2699 aureus
1005 2670 1121 2709 arce,
1463 2677 1524 2708 490

70 2736 148 2784 466
180 2736 336 2775 firment
367 2767 375 2776 .
407 2766 416 2776 .
447 2767 456 2776 .
487 2748 690 2787 capessant.
802 2742 881 2789 480
910 2743 1021 2780 malis
1035 2743 1167 2782 tantis.
1223 2744 1316 2781 mali
1338 2744 1467 2782 tantis.

411 2791 487 2841 483
519 2805 703 2841 praesens.
813 2795 890 2844 487
920 2798 1127 2834 Rutulum.

757 2864 784 2892 Z
