1866 3208
280 243 353 282 208
728 243 771 281 P.
800 241 1035 280 VERGILI
1065 242 1324 281 MARONIS
1388 247 1391 250 '

351 348 660 411 Cocytusque
686 347 791 394 sinu
818 347 982 395 labens
1009 348 1325 397 circumvenit
1350 362 1468 397 atro.

348 415 478 477 quod
503 414 539 460 si
566 426 726 460 tantus
752 430 882 460 amor
907 416 1074 474 menti,
1103 416 1138 462 si
1167 429 1297 462 tanta
1323 416 1498 478 cupido

348 481 418 527 bis
447 479 630 541 Stygios
657 479 822 526 innare
848 481 990 539 lacus,
1018 482 1087 528 bis
1114 483 1245 544 nigra
1269 482 1431 529 videre

349 548 566 603 Tartara,
594 558 641 592 et
666 546 833 592 insano
859 547 989 595 iuvat
1013 548 1261 610 indulgere
1287 548 1452 606 labori,

349 612 527 674 accipe,
555 629 676 675 quae
702 614 967 674 peragenda
992 615 1138 677 prius.
1208 616 1326 662 latet
1353 615 1517 661 arbore
1543 631 1690 678 opaca

349 695 515 726 aureus
542 691 588 724 et
614 679 740 725 foliis
769 694 815 726 et
841 681 973 727 lento
997 681 1178 728 vimine
1203 699 1373 739 ramUS,

349 745 525 792 Iunoni
552 745 769 792 infernae
795 747 949 793 dictus
976 765 1134 805 sacer3
1170 750 1299 794 hunc
1328 747 1444 808 tegit
1469 747 1622 794 omnis

349 812 497 869 luem,
525 825 571 858 et
597 812 805 859 obscuris
833 814 1066 861 claudunt
1092 814 1388 861 convallibus
1415 815 1626 861 umbrae.

348 878 429 924 sed
456 894 552 923 non
580 891 689 925 ante
716 879 854 926 datur
881 881 1062 927 telluris
1089 894 1251 944 operta
1278 881 1450 938 subire,
1717 905 1778 934 140

348 944 610 991 auricomos
637 962 779 1007 quam
805 947 885 1009 qui
914 947 1202 1010 decerpserit
1229 948 1393 994 arbore
1419 947 1559 994 fetus.

347 1013 436 1057 hoc
463 1010 548 1057 sibi
575 1012 772 1073 pulchra
797 1029 934 1059 suum
960 1014 1068 1059 ferri
1097 1014 1372 1076 Proserpina
1396 1030 1570 1060 munus

348 1077 581 1124 instituit:
619 1078 770 1139 primo
796 1080 954 1125 avulso
981 1097 1075 1126 non
1103 1081 1263 1127 deficit
1288 1081 1403 1127 alter

348 1161 529 1201 aureus,
555 1157 601 1190 et
627 1145 767 1191 simili
794 1145 1048 1192 frondescit
1074 1147 1202 1208 virga
1227 1147 1432 1194 metallo.

349 1227 457 1272 ergo
483 1212 574 1257 alte
600 1211 777 1272 vestiga
802 1211 950 1258 oculis
978 1225 1023 1259 et
1050 1213 1136 1259 rite
1163 1227 1403 1275 repertum

349 1294 484 1339 carpe
511 1294 653 1324 manu
677 1298 690 1333 ;
727 1295 930 1341 namque
958 1279 1053 1341 ipse
1078 1280 1238 1326 volens
1269 1280 1512 1343 facilisque
1539 1291 1772 1342 sequetur,

349 1344 383 1390 si
410 1358 456 1390 te
482 1344 575 1390 fata
599 1359 800 1392 vocant:
840 1345 973 1391 aliter
999 1363 1095 1392 non
1121 1346 1298 1392 viribus
1326 1346 1434 1392 ullis

349 1411 538 1457 vincere
565 1427 654 1457 nec
681 1411 798 1457 duro
823 1411 996 1473 poteris
1022 1413 1290 1458 convellere
1316 1412 1453 1458 ferr0.

348 1491 585 1539 praeterea
609 1478 729 1525 iacet
755 1479 1028 1525 exanimum
1055 1478 1140 1524 tibi
1168 1495 1336 1540 corpus
1361 1477 1568 1525 amici—

348 1545 441 1590 heu
468 1544 617 1590 nescis
641 1545 967 1608 !—-totamque
994 1545 1194 1592 incestat
1219 1546 1386 1592 funere
1412 1546 1622 1601 classem,
1718 1568 1780 1598 150

349 1611 463 1657 dum
490 1612 704 1657 consulta
728 1612 846 1673 petis
872 1625 1125 1674 nostroque
1151 1612 1200 1657 in
1227 1612 1393 1658 limine
1417 1612 1608 1674 pendes.

349 1678 533 1723 sedibus
559 1679 686 1724 hunc
714 1679 833 1724 refer
859 1693 966 1725 ante
993 1679 1084 1724 suis
1111 1691 1158 1725 et
1183 1679 1334 1725 conde
1361 1679 1624 1740 sepulchro.

349 1744 442 1790 duc
469 1744 618 1804 nigras
645 1744 880 1806 pecudes3
917 1762 968 1791 ea
994 1745 1143 1806 prima
1166 1744 1353 1806 piacula
1377 1758 1531 1792 sunto.

350 1810 413 1856 sic
441 1810 633 1856 demum
659 1811 787 1857 lucos
817 1811 966 1872 Stygis
993 1824 1038 1857 et
1064 1827 1203 1871 regna
1227 1810 1355 1856 invia
1379 1811 1494 1857 vivis

350 1876 572 1939 aspicies?
643 1876 778 1934 dixit,
804 1894 1052 1940 pressoque
1077 1878 1316 1924 obmutuit
1341 1894 1434 1925 ore.

416 1944 601 1989 Aeneas
626 1958 800 1989 maesto
826 1944 1004 1990 defixus
1032 1944 1214 1990 lumina
1240 1944 1375 1990 vultu

350 2009 624 2070 ingreditur,
654 2010 874 2072 linquens
900 2023 1103 2065 antrum,
1133 2026 1390 2073 caecosque
1415 2010 1598 2058 volutat

352 2088 546 2123 eventus
574 2076 731 2122 animo
757 2093 916 2122 secum
938 2096 947 2123 :
987 2077 1062 2123 cui
1091 2076 1209 2122 fidus
1233 2078 1437 2123 Achates

350 2143 387 2189 it
412 2159 566 2188 comes
593 2157 638 2189 et
664 2143 848 2204 paribus
877 2143 997 2190 curis
1024 2144 1219 2206 vestigia
1245 2143 1360 2203 figit.

351 2209 500 2255 multa
523 2209 646 2255 inter
672 2226 766 2256 sese
794 2210 920 2256 vario
946 2227 1157 2257 sermone
1183 2211 1412 2268 serebant,
1719 2224 1780 2254 160

351 2292 492 2337 quem
514 2276 690 2322 socium
709 2277 980 2323 exanimum
1001 2291 1140 2333 vates,
1159 2277 1285 2340 quod
1301 2293 1467 2338 corpus
1484 2274 1777 2322 humandum

352 2341 560 2398 diceret3
596 2356 734 2404 atque
761 2344 831 2389 illi
861 2344 1104 2390 Misenum
1130 2344 1178 2389 in
1209 2344 1344 2389 litore
1371 2343 1509 2398 sicco,

354 2421 404 2454 ut
429 2424 615 2465 venere,
644 2409 806 2455 vident
832 2409 1025 2470 indigna
1050 2423 1197 2455 morte
1224 2422 1538 2470 peremptum,

354 2474 601 2521 Misenum
626 2476 877 2532 Aeoliden,
903 2493 996 2538 quo
1021 2493 1115 2521 non
1141 2475 1449 2537 praestantior
1474 2475 1589 2522 alter

353 2558 456 2587 aere
482 2541 605 2588 ciere
632 2541 750 2587 viros
778 2542 1080 2604 Martemque
1107 2542 1363 2588 accendere
1389 2556 1547 2588 cantu.

356 2607 575 2654 Hectoris
601 2608 679 2654 hic
706 2608 860 2668 magni
887 2609 1038 2654 fuerat
1064 2625 1235 2665 comes,
1263 2608 1474 2654 Hectora
1499 2607 1681 2655 circum

355 2688 401 2721 et
426 2675 544 2721 lituo
568 2691 746 2737 pugnas
771 2674 961 2734 insignis
987 2674 1145 2721 obibat
1171 2688 1216 2721 et
1241 2676 1381 2721 hasta.

750 2763 820 2801 133
853 2752 986 2800 cupido
1006 2760 1074 2790 est.
1135 2763 1204 2799 141
1228 2751 1322 2801 quiS.
