<?xml version="1.0" encoding="UTF-8"?>
<!DOCTYPE html PUBLIC "-//W3C//DTD XHTML 1.0 Transitional//EN"
    "http://www.w3.org/TR/xhtml1/DTD/xhtml1-transitional.dtd">
<html xmlns="http://www.w3.org/1999/xhtml" xml:lang="en" lang="en">
 <head>
  <title>
</title>
<meta http-equiv="Content-Type" content="text/html;charset=utf-8" />
  <meta name='ocr-system' content='tesseract 3.04.00' />
  <meta name='ocr-capabilities' content='ocr_page ocr_carea ocr_par ocr_line ocrx_word'/>
</head>
<body>
  <div class='ocr_page' id='page_1' title='image "./operabucolicageo00virguoft_0287.png"; bbox 0 0 1866 3208; ppageno 0'>
   <div class='ocr_carea' id='block_1_1' title="bbox 508 262 1535 310">
    <p class='ocr_par' dir='ltr' id='par_1_1' title="bbox 508 262 1535 310">
     <span class='ocr_line' id='line_1_1' title="bbox 508 262 1535 310; baseline 0.001 -8"><span class='ocrx_word' id='word_1_1' title='bbox 508 265 787 303; x_wconf 88' lang='lat' dir='ltr'>AENEIDOS</span> <span class='ocrx_word' id='word_1_2' title='bbox 818 263 923 302; x_wconf 91' lang='lat' dir='ltr'>LIB.</span> <span class='ocrx_word' id='word_1_3' title='bbox 952 262 1059 300; x_wconf 90' lang='lat' dir='ltr'>VIII</span> <span class='ocrx_word' id='word_1_4' title='bbox 1459 270 1535 310; x_wconf 79' lang='lat'>255</span> 
     </span>
    </p>
   </div>
   <div class='ocr_carea' id='block_1_2' title="bbox 101 374 1459 837">
    <p class='ocr_par' dir='ltr' id='par_1_2' title="bbox 102 374 1294 439">
     <span class='ocr_line' id='line_1_2' title="bbox 102 374 1294 439; baseline -0.006 -14"><span class='ocrx_word' id='word_1_5' title='bbox 102 378 415 439; x_wconf 90' lang='lat' dir='ltr'>stringentem</span> <span class='ocrx_word' id='word_1_6' title='bbox 441 375 564 438; x_wconf 84' lang='lat' dir='ltr'>ripas</span> <span class='ocrx_word' id='word_1_7' title='bbox 591 388 638 421; x_wconf 89' lang='lat' dir='ltr'>et</span> <span class='ocrx_word' id='word_1_8' title='bbox 663 374 859 436; x_wconf 80' lang='lat' dir='ltr'>pinguia</span> <span class='ocrx_word' id='word_1_9' title='bbox 885 375 1012 421; x_wconf 89' lang='lat' dir='ltr'>culta</span> <span class='ocrx_word' id='word_1_10' title='bbox 1038 385 1294 430; x_wconf 84' lang='lat' dir='ltr'>secantem,</span> 
     </span>
    </p>

    <p class='ocr_par' dir='ltr' id='par_1_3' title="bbox 103 439 1269 504">
     <span class='ocr_line' id='line_1_3' title="bbox 103 439 1269 504; baseline -0.005 -12"><span class='ocrx_word' id='word_1_11' title='bbox 103 445 346 492; x_wconf 90' lang='lat' dir='ltr'>caeruleus</span> <span class='ocrx_word' id='word_1_12' title='bbox 374 441 601 504; x_wconf 81' lang='lat' dir='ltr'>Thybris,</span> <span class='ocrx_word' id='word_1_13' title='bbox 629 441 762 487; x_wconf 91' lang='lat' dir='ltr'>caelo</span> <span class='ocrx_word' id='word_1_14' title='bbox 790 441 1076 502; x_wconf 89' lang='lat' dir='ltr'>gratissimus</span> <span class='ocrx_word' id='word_1_15' title='bbox 1103 439 1269 486; x_wconf 79' lang='lat' dir='ltr'>amnis,</span> 
     </span>
    </p>

    <p class='ocr_par' dir='ltr' id='par_1_4' title="bbox 102 504 1459 634">
     <span class='ocr_line' id='line_1_4' title="bbox 102 504 1459 570; baseline -0.005 -12"><span class='ocrx_word' id='word_1_16' title='bbox 102 512 179 558; x_wconf 89' lang='lat' dir='ltr'>hic</span> <span class='ocrx_word' id='word_1_17' title='bbox 206 511 325 558; x_wconf 90' lang='lat' dir='ltr'>mihi</span> <span class='ocrx_word' id='word_1_18' title='bbox 350 526 519 570; x_wconf 88' lang='lat' dir='ltr'>magna</span> <span class='ocrx_word' id='word_1_19' title='bbox 543 509 729 565; x_wconf 90' lang='lat' dir='ltr'>domus,</span> <span class='ocrx_word' id='word_1_20' title='bbox 759 509 894 554; x_wconf 87' lang='lat' dir='ltr'>celsis</span> <span class='ocrx_word' id='word_1_21' title='bbox 923 520 1068 570; x_wconf 91' lang='lat' dir='ltr'>caput</span> <span class='ocrx_word' id='word_1_22' title='bbox 1093 506 1305 562; x_wconf 87' lang='lat' dir='ltr'>urbibus,</span> <span class='ocrx_word' id='word_1_23' title='bbox 1330 504 1459 551; x_wconf 59' lang='lat' dir='ltr'>exit?</span> 
     </span>
     <span class='ocr_line' id='line_1_5' title="bbox 169 573 1301 634; baseline -0.004 -10"><span class='ocrx_word' id='word_1_24' title='bbox 169 578 304 634; x_wconf 83' lang='lat' dir='ltr'>dixit,</span> <span class='ocrx_word' id='word_1_25' title='bbox 331 576 506 622; x_wconf 88' lang='lat' dir='ltr'>deinde</span> <span class='ocrx_word' id='word_1_26' title='bbox 533 576 640 622; x_wconf 90' lang='lat' dir='ltr'>lacu</span> <span class='ocrx_word' id='word_1_27' title='bbox 669 574 841 620; x_wconf 89' lang='lat' dir='ltr'>fluvius</span> <span class='ocrx_word' id='word_1_28' title='bbox 870 592 917 621; x_wconf 88' lang='lat' dir='ltr'>se</span> <span class='ocrx_word' id='word_1_29' title='bbox 945 574 1163 621; x_wconf 84' lang='lat' dir='ltr'>condidit</span> <span class='ocrx_word' id='word_1_30' title='bbox 1188 573 1301 630; x_wconf 90' lang='lat' dir='ltr'>alto,</span> 
     </span>
    </p>

    <p class='ocr_par' dir='ltr' id='par_1_5' title="bbox 102 639 1341 707">
     <span class='ocr_line' id='line_1_6' title="bbox 102 639 1341 707; baseline -0.004 -16"><span class='ocrx_word' id='word_1_31' title='bbox 102 646 194 691; x_wconf 90' lang='lat' dir='ltr'>ima</span> <span class='ocrx_word' id='word_1_32' title='bbox 221 657 388 707; x_wconf 89' lang='lat' dir='ltr'>petens</span> <span class='ocrx_word' id='word_1_33' title='bbox 414 663 428 698; x_wconf 85' lang='lat'>3</span> <span class='ocrx_word' id='word_1_34' title='bbox 466 660 561 689; x_wconf 80' lang='lat' dir='ltr'>nox</span> <span class='ocrx_word' id='word_1_35' title='bbox 586 643 788 688; x_wconf 85' lang='lat' dir='ltr'><strong>Aenean</strong></span> <span class='ocrx_word' id='word_1_36' title='bbox 817 659 1104 704; x_wconf 81' lang='lat' dir='ltr'>somnusque</span> <span class='ocrx_word' id='word_1_37' title='bbox 1131 639 1341 703; x_wconf 86' lang='lat' dir='ltr'>reliquit.</span> 
     </span>
    </p>

    <p class='ocr_par' dir='ltr' id='par_1_6' title="bbox 101 708 1190 772">
     <span class='ocr_line' id='line_1_7' title="bbox 101 708 1190 772; baseline -0.006 -14"><span class='ocrx_word' id='word_1_38' title='bbox 101 711 262 772; x_wconf 81' lang='lat' dir='ltr'>surgit,</span> <span class='ocrx_word' id='word_1_39' title='bbox 291 724 351 767; x_wconf 92' lang='lat' dir='ltr'>et,</span> <span class='ocrx_word' id='word_1_40' title='bbox 381 709 579 756; x_wconf 89' lang='lat' dir='ltr'>aetherii</span> <span class='ocrx_word' id='word_1_41' title='bbox 606 722 823 771; x_wconf 90' lang='lat' dir='ltr'>spectans</span> <span class='ocrx_word' id='word_1_42' title='bbox 852 708 1055 754; x_wconf 79' lang='lat' dir='ltr'>orientia</span> <span class='ocrx_word' id='word_1_43' title='bbox 1081 708 1190 753; x_wconf 88' lang='lat' dir='ltr'>solis</span> 
     </span>
    </p>

    <p class='ocr_par' dir='ltr' id='par_1_7' title="bbox 102 774 1281 837">
     <span class='ocr_line' id='line_1_8' title="bbox 102 774 1281 837; baseline -0.004 -13"><span class='ocrx_word' id='word_1_44' title='bbox 102 779 299 835; x_wconf 89' lang='grc'><strong>1111111113,</strong></span> <span class='ocrx_word' id='word_1_45' title='bbox 326 778 415 823; x_wconf 89' lang='lat' dir='ltr'>rite</span> <span class='ocrx_word' id='word_1_46' title='bbox 443 777 565 823; x_wconf 86' lang='lat' dir='ltr'>cavis</span> <span class='ocrx_word' id='word_1_47' title='bbox 594 776 772 822; x_wconf 91' lang='lat' dir='ltr'>undam</span> <span class='ocrx_word' id='word_1_48' title='bbox 800 775 858 821; x_wconf 91' lang='lat' dir='ltr'>de</span> <span class='ocrx_word' id='word_1_49' title='bbox 887 774 1086 822; x_wconf 87' lang='lat' dir='ltr'>flumine</span> <span class='ocrx_word' id='word_1_50' title='bbox 1111 774 1281 837; x_wconf 87' lang='lat' dir='ltr'>palmis</span> 
     </span>
    </p>
   </div>
   <div class='ocr_carea' id='block_1_3' title="bbox 103 842 1544 1037">
    <p class='ocr_par' dir='ltr' id='par_1_8' title="bbox 103 842 1544 1025">
     <span class='ocr_line' id='line_1_9' title="bbox 103 842 1544 902; baseline -0.005 -11"><span class='ocrx_word' id='word_1_51' title='bbox 103 845 318 902; x_wconf 87' lang='lat' dir='ltr'>sustinet,</span> <span class='ocrx_word' id='word_1_52' title='bbox 347 862 399 891; x_wconf 88' lang='grc'><strong>36</strong></span> <span class='ocrx_word' id='word_1_53' title='bbox 428 845 544 890; x_wconf 91' lang='lat' dir='ltr'>tales</span> <span class='ocrx_word' id='word_1_54' title='bbox 570 843 776 889; x_wconf 87' lang='lat' dir='ltr'>effundit</span> <span class='ocrx_word' id='word_1_55' title='bbox 804 842 863 888; x_wconf 87' lang='lat' dir='ltr'>ad</span> <span class='ocrx_word' id='word_1_56' title='bbox 891 843 1081 888; x_wconf 85' lang='lat' dir='ltr'>aethera</span> <span class='ocrx_word' id='word_1_57' title='bbox 1110 859 1247 888; x_wconf 80' lang='lat' dir='ltr'>voces</span> <span class='ocrx_word' id='word_1_58' title='bbox 1271 860 1281 888; x_wconf 78' lang='lat' dir='ltr'><em>z</em></span> <span class='ocrx_word' id='word_1_59' title='bbox 1503 864 1544 894; x_wconf 87' lang='lat'>70</span> 
     </span>
     <span class='ocr_line' id='line_1_10' title="bbox 103 906 1542 974; baseline -0.004 -15"><span class='ocrx_word' id='word_1_60' title='bbox 103 912 378 974; x_wconf 85' lang='lat' dir='ltr'>Nymphae,</span> <span class='ocrx_word' id='word_1_61' title='bbox 406 912 669 958; x_wconf 84' lang='lat' dir='ltr'>Laurentes</span> <span class='ocrx_word' id='word_1_62' title='bbox 697 910 974 972; x_wconf 87' lang='lat' dir='ltr'>Nymphae,</span> <span class='ocrx_word' id='word_1_63' title='bbox 997 926 1145 970; x_wconf 90' lang='lat' dir='ltr'>genus</span> <span class='ocrx_word' id='word_1_64' title='bbox 1173 908 1392 955; x_wconf 87' lang='lat' dir='ltr'>amnibus</span> <span class='ocrx_word' id='word_1_65' title='bbox 1415 906 1542 953; x_wconf 87' lang='lat' dir='ltr'>unde</span> 
     </span>
     <span class='ocr_line' id='line_1_11' title="bbox 237 992 320 1037; baseline 0 -12"><span class='ocrx_word' id='word_1_66' title='bbox 237 992 320 1037; x_wconf 67' lang='lat'>(381,</span> 
     </span>
    </p>
   </div>
   <div class='ocr_carea' id='block_1_4' title="bbox 102 1043 1552 2784">
    <p class='ocr_par' dir='ltr' id='par_1_9' title="bbox 103 1043 1435 1108">
     <span class='ocr_line' id='line_1_12' title="bbox 103 1043 1435 1108; baseline -0.003 -16"><span class='ocrx_word' id='word_1_67' title='bbox 103 1060 266 1108; x_wconf 90' lang='lat' dir='ltr'>tuque,</span> <span class='ocrx_word' id='word_1_68' title='bbox 294 1063 321 1091; x_wconf 96' lang='lat' dir='ltr'>o</span> <span class='ocrx_word' id='word_1_69' title='bbox 348 1045 537 1108; x_wconf 80' lang='lat' dir='ltr'>Thybri</span> <span class='ocrx_word' id='word_1_70' title='bbox 564 1059 646 1091; x_wconf 91' lang='lat' dir='ltr'>tuo</span> <span class='ocrx_word' id='word_1_71' title='bbox 673 1045 862 1105; x_wconf 89' lang='lat' dir='ltr'>genitor</span> <span class='ocrx_word' id='word_1_72' title='bbox 890 1061 1000 1090; x_wconf 88' lang='lat' dir='ltr'>cum</span> <span class='ocrx_word' id='word_1_73' title='bbox 1028 1043 1229 1090; x_wconf 88' lang='lat' dir='ltr'>flumine</span> <span class='ocrx_word' id='word_1_74' title='bbox 1256 1055 1435 1098; x_wconf 85' lang='lat' dir='ltr'>sanctO,</span> 
     </span>
    </p>

    <p class='ocr_par' dir='ltr' id='par_1_10' title="bbox 102 1110 1266 1175">
     <span class='ocr_line' id='line_1_13' title="bbox 102 1110 1266 1175; baseline -0.003 -17"><span class='ocrx_word' id='word_1_75' title='bbox 102 1113 303 1175; x_wconf 85' lang='lat' dir='ltr'>accipite</span> <span class='ocrx_word' id='word_1_76' title='bbox 328 1114 544 1169; x_wconf 89' lang='lat' dir='ltr'>Aenean,</span> <span class='ocrx_word' id='word_1_77' title='bbox 575 1125 622 1158; x_wconf 91' lang='lat' dir='ltr'>et</span> <span class='ocrx_word' id='word_1_78' title='bbox 651 1112 846 1158; x_wconf 89' lang='lat' dir='ltr'>tandem</span> <span class='ocrx_word' id='word_1_79' title='bbox 876 1126 1032 1158; x_wconf 89' lang='lat' dir='ltr'>arcete</span> <span class='ocrx_word' id='word_1_80' title='bbox 1060 1110 1266 1174; x_wconf 89' lang='lat' dir='ltr'>periclis.</span> 
     </span>
    </p>

    <p class='ocr_par' dir='ltr' id='par_1_11' title="bbox 103 1177 1517 1243">
     <span class='ocr_line' id='line_1_14' title="bbox 103 1177 1517 1243; baseline -0.004 -17"><span class='ocrx_word' id='word_1_81' title='bbox 103 1197 196 1243; x_wconf 95' lang='lat' dir='ltr'>quo</span> <span class='ocrx_word' id='word_1_82' title='bbox 223 1193 269 1226; x_wconf 91' lang='lat' dir='ltr'>te</span> <span class='ocrx_word' id='word_1_83' title='bbox 296 1197 504 1242; x_wconf 86' lang='lat' dir='ltr'>cumque</span> <span class='ocrx_word' id='word_1_84' title='bbox 530 1180 659 1226; x_wconf 87' lang='lat' dir='ltr'>lacus</span> <span class='ocrx_word' id='word_1_85' title='bbox 688 1179 999 1225; x_wconf 84' lang='lat' dir='ltr'>miserantem</span> <span class='ocrx_word' id='word_1_86' title='bbox 1026 1177 1335 1224; x_wconf 89' lang='lat' dir='ltr'>incommoda</span> <span class='ocrx_word' id='word_1_87' title='bbox 1360 1189 1517 1222; x_wconf 80' lang='lat' dir='ltr'>nostra</span> 
     </span>
    </p>

    <p class='ocr_par' dir='ltr' id='par_1_12' title="bbox 102 1243 1395 1309">
     <span class='ocr_line' id='line_1_15' title="bbox 102 1243 1395 1309; baseline -0.003 -16"><span class='ocrx_word' id='word_1_88' title='bbox 102 1247 238 1293; x_wconf 90' lang='lat' dir='ltr'>fonte</span> <span class='ocrx_word' id='word_1_89' title='bbox 264 1259 412 1304; x_wconf 91' lang='lat' dir='ltr'>tenet,</span> <span class='ocrx_word' id='word_1_90' title='bbox 441 1263 746 1309; x_wconf 89' lang='lat' dir='ltr'>quocumque</span> <span class='ocrx_word' id='word_1_91' title='bbox 775 1246 873 1292; x_wconf 87' lang='lat' dir='ltr'>solo</span> <span class='ocrx_word' id='word_1_92' title='bbox 902 1244 1252 1308; x_wconf 88' lang='lat' dir='ltr'>pulcherrimus</span> <span class='ocrx_word' id='word_1_93' title='bbox 1281 1243 1395 1300; x_wconf 81' lang='lat' dir='ltr'>exis,</span> 
     </span>
    </p>

    <p class='ocr_par' dir='ltr' id='par_1_13' title="bbox 103 1311 1368 1377">
     <span class='ocr_line' id='line_1_16' title="bbox 103 1311 1368 1377; baseline -0.004 -16"><span class='ocrx_word' id='word_1_94' title='bbox 103 1331 288 1377; x_wconf 88' lang='lat' dir='ltr'>semper</span> <span class='ocrx_word' id='word_1_95' title='bbox 314 1315 493 1360; x_wconf 88' lang='lat' dir='ltr'>honore</span> <span class='ocrx_word' id='word_1_96' title='bbox 520 1331 642 1371; x_wconf 90' lang='lat' dir='ltr'>meo,</span> <span class='ocrx_word' id='word_1_97' title='bbox 673 1330 859 1376; x_wconf 86' lang='lat' dir='ltr'>semper</span> <span class='ocrx_word' id='word_1_98' title='bbox 888 1312 1188 1359; x_wconf 82' lang='lat' dir='ltr'>celebrabere</span> <span class='ocrx_word' id='word_1_99' title='bbox 1216 1311 1368 1368; x_wconf 86' lang='lat' dir='ltr'>donis,</span> 
     </span>
    </p>

    <p class='ocr_par' dir='ltr' id='par_1_14' title="bbox 104 1351 1410 1443">
     <span class='ocr_line' id='line_1_17' title="bbox 104 1351 1410 1443; baseline -0.003 -16"><span class='ocrx_word' id='word_1_100' title='bbox 104 1382 321 1443; x_wconf 88' lang='lat' dir='ltr'>corniger</span> <span class='ocrx_word' id='word_1_101' title='bbox 347 1351 674 1443; x_wconf 85' lang='lat' dir='ltr'>Hesperidum</span> <span class='ocrx_word' id='word_1_102' title='bbox 701 1380 873 1426; x_wconf 80' lang='lat' dir='ltr'>fluvius</span> <span class='ocrx_word' id='word_1_103' title='bbox 903 1393 1121 1440; x_wconf 88' lang='lat' dir='ltr'>regnator</span> <span class='ocrx_word' id='word_1_104' title='bbox 1147 1395 1410 1441; x_wconf 89' lang='lat' dir='ltr'>aquarum:</span> 
     </span>
    </p>

    <p class='ocr_par' dir='ltr' id='par_1_15' title="bbox 104 1445 1350 1510">
     <span class='ocr_line' id='line_1_18' title="bbox 104 1445 1350 1510; baseline -0.004 -15"><span class='ocrx_word' id='word_1_105' title='bbox 104 1449 224 1495; x_wconf 83' lang='lat' dir='ltr'>adsis</span> <span class='ocrx_word' id='word_1_106' title='bbox 249 1466 276 1495; x_wconf 95' lang='lat' dir='ltr'>o</span> <span class='ocrx_word' id='word_1_107' title='bbox 304 1462 505 1506; x_wconf 85' lang='lat' dir='ltr'>tantum,</span> <span class='ocrx_word' id='word_1_108' title='bbox 534 1461 581 1494; x_wconf 91' lang='lat' dir='ltr'>et</span> <span class='ocrx_word' id='word_1_109' title='bbox 608 1448 798 1510; x_wconf 88' lang='lat' dir='ltr'>propius</span> <span class='ocrx_word' id='word_1_110' title='bbox 827 1461 908 1493; x_wconf 91' lang='lat' dir='ltr'>tua</span> <span class='ocrx_word' id='word_1_111' title='bbox 936 1446 1136 1493; x_wconf 88' lang='lat' dir='ltr'>numina</span> <span class='ocrx_word' id='word_1_112' title='bbox 1162 1445 1350 1492; x_wconf 56' lang='lat' dir='ltr'>firmes?</span> 
     </span>
    </p>

    <p class='ocr_par' dir='ltr' id='par_1_16' title="bbox 104 1512 1427 1589">
     <span class='ocr_line' id='line_1_19' title="bbox 104 1512 1427 1589; baseline -0.004 -27"><span class='ocrx_word' id='word_1_113' title='bbox 104 1516 168 1562; x_wconf 86' lang='lat' dir='ltr'>sic</span> <span class='ocrx_word' id='word_1_114' title='bbox 197 1529 442 1571; x_wconf 85' lang='lat' dir='ltr'>memorat,</span> <span class='ocrx_word' id='word_1_115' title='bbox 470 1515 777 1589; x_wconf 87' lang='lat' dir='ltr'>geminasque</span> <span class='ocrx_word' id='word_1_116' title='bbox 806 1513 921 1574; x_wconf 87' lang='lat' dir='ltr'>legit</span> <span class='ocrx_word' id='word_1_117' title='bbox 947 1514 1007 1560; x_wconf 90' lang='lat' dir='ltr'>de</span> <span class='ocrx_word' id='word_1_118' title='bbox 1035 1514 1178 1560; x_wconf 86' lang='lat' dir='ltr'>classe</span> <span class='ocrx_word' id='word_1_119' title='bbox 1206 1512 1427 1587; x_wconf 82' lang='lat' dir='ltr'>biremes,</span> 
     </span>
    </p>

    <p class='ocr_par' dir='ltr' id='par_1_17' title="bbox 103 1579 1550 1711">
     <span class='ocr_line' id='line_1_20' title="bbox 103 1579 1550 1646; baseline -0.005 -16"><span class='ocrx_word' id='word_1_120' title='bbox 103 1583 396 1646; x_wconf 87' lang='lat' dir='ltr'>remigioque</span> <span class='ocrx_word' id='word_1_121' title='bbox 419 1596 586 1644; x_wconf 86' lang='lat' dir='ltr'>aptat;</span> <span class='ocrx_word' id='word_1_122' title='bbox 625 1583 774 1628; x_wconf 86' lang='lat' dir='ltr'>socios</span> <span class='ocrx_word' id='word_1_123' title='bbox 801 1581 940 1627; x_wconf 85' lang='lat' dir='ltr'>simul</span> <span class='ocrx_word' id='word_1_124' title='bbox 968 1580 1161 1627; x_wconf 89' lang='lat' dir='ltr'>instruit</span> <span class='ocrx_word' id='word_1_125' title='bbox 1187 1579 1342 1626; x_wconf 86' lang='grc'><strong>3111115.</strong></span> <span class='ocrx_word' id='word_1_126' title='bbox 1509 1592 1550 1623; x_wconf 88' lang='lat'>80</span> 
     </span>
     <span class='ocr_line' id='line_1_21' title="bbox 173 1645 1548 1711; baseline -0.004 -15"><span class='ocrx_word' id='word_1_127' title='bbox 173 1667 285 1696; x_wconf 93' lang='lat' dir='ltr'>ecce</span> <span class='ocrx_word' id='word_1_128' title='bbox 324 1663 484 1696; x_wconf 87' lang='lat' dir='ltr'>autem</span> <span class='ocrx_word' id='word_1_129' title='bbox 528 1649 738 1695; x_wconf 90' lang='lat' dir='ltr'>subitum</span> <span class='ocrx_word' id='word_1_130' title='bbox 784 1662 926 1711; x_wconf 89' lang='lat' dir='ltr'>atque</span> <span class='ocrx_word' id='word_1_131' title='bbox 965 1647 1116 1694; x_wconf 88' lang='lat' dir='ltr'>oculis</span> <span class='ocrx_word' id='word_1_132' title='bbox 1153 1645 1373 1692; x_wconf 89' lang='lat' dir='ltr'>mirabile</span> <span class='ocrx_word' id='word_1_133' title='bbox 1411 1661 1548 1691; x_wconf 90' lang='lat' dir='ltr'>mon-</span> 
     </span>
    </p>

    <p class='ocr_par' dir='ltr' id='par_1_18' title="bbox 238 1730 402 1772">
     <span class='ocr_line' id='line_1_22' title="bbox 238 1730 402 1772; baseline 0 -10"><span class='ocrx_word' id='word_1_134' title='bbox 238 1730 402 1772; x_wconf 89' lang='lat' dir='ltr'>strum,</span> 
     </span>
    </p>

    <p class='ocr_par' dir='ltr' id='par_1_19' title="bbox 105 1781 1271 1846">
     <span class='ocr_line' id='line_1_23' title="bbox 105 1781 1271 1846; baseline -0.003 -16"><span class='ocrx_word' id='word_1_135' title='bbox 105 1784 308 1831; x_wconf 85' lang='lat' dir='ltr'>candida</span> <span class='ocrx_word' id='word_1_136' title='bbox 335 1801 418 1846; x_wconf 87' lang='lat' dir='ltr'>per</span> <span class='ocrx_word' id='word_1_137' title='bbox 444 1783 611 1829; x_wconf 89' lang='lat' dir='ltr'>silvam</span> <span class='ocrx_word' id='word_1_138' title='bbox 639 1800 748 1829; x_wconf 93' lang='lat' dir='ltr'>cum</span> <span class='ocrx_word' id='word_1_139' title='bbox 777 1783 879 1828; x_wconf 91' lang='lat' dir='ltr'>fetu</span> <span class='ocrx_word' id='word_1_140' title='bbox 909 1781 1136 1828; x_wconf 90' lang='lat' dir='ltr'>concolor</span> <span class='ocrx_word' id='word_1_141' title='bbox 1163 1781 1271 1827; x_wconf 92' lang='lat' dir='ltr'>albo</span> 
     </span>
    </p>

    <p class='ocr_par' dir='ltr' id='par_1_20' title="bbox 104 1848 1330 1914">
     <span class='ocr_line' id='line_1_24' title="bbox 104 1848 1330 1914; baseline -0.002 -18"><span class='ocrx_word' id='word_1_142' title='bbox 104 1850 362 1914; x_wconf 90' lang='lat' dir='ltr'>procubuit</span> <span class='ocrx_word' id='word_1_143' title='bbox 386 1849 624 1912; x_wconf 86' lang='lat' dir='ltr'>viridique</span> <span class='ocrx_word' id='word_1_144' title='bbox 653 1849 702 1895; x_wconf 88' lang='lat' dir='ltr'>in</span> <span class='ocrx_word' id='word_1_145' title='bbox 731 1849 871 1896; x_wconf 86' lang='lat' dir='ltr'>litore</span> <span class='ocrx_word' id='word_1_146' title='bbox 900 1848 1197 1911; x_wconf 89' lang='lat' dir='ltr'>conspicitur</span> <span class='ocrx_word' id='word_1_147' title='bbox 1223 1865 1295 1894; x_wconf 87' lang='lat' dir='ltr'>sus</span> <span class='ocrx_word' id='word_1_148' title='bbox 1320 1866 1330 1894; x_wconf 73' lang='grc' dir='ltr'>ε</span> 
     </span>
    </p>

    <p class='ocr_par' dir='ltr' id='par_1_21' title="bbox 104 1915 1418 1980">
     <span class='ocr_line' id='line_1_25' title="bbox 104 1915 1418 1980; baseline -0.002 -17"><span class='ocrx_word' id='word_1_149' title='bbox 104 1935 246 1980; x_wconf 89' lang='lat' dir='ltr'>quam</span> <span class='ocrx_word' id='word_1_150' title='bbox 272 1918 377 1979; x_wconf 82' lang='lat' dir='ltr'>pius</span> <span class='ocrx_word' id='word_1_151' title='bbox 402 1918 590 1963; x_wconf 91' lang='lat' dir='ltr'>Aeneas</span> <span class='ocrx_word' id='word_1_152' title='bbox 619 1917 706 1963; x_wconf 93' lang='lat' dir='ltr'>tibi</span> <span class='ocrx_word' id='word_1_153' title='bbox 737 1917 881 1975; x_wconf 91' lang='lat' dir='ltr'>enim,</span> <span class='ocrx_word' id='word_1_154' title='bbox 913 1916 1016 1973; x_wconf 84' lang='lat' dir='ltr'>tibi,</span> <span class='ocrx_word' id='word_1_155' title='bbox 1044 1915 1252 1962; x_wconf 81' lang='lat' dir='ltr'>maxima</span> <span class='ocrx_word' id='word_1_156' title='bbox 1277 1915 1418 1971; x_wconf 93' lang='lat' dir='ltr'>Iuno,</span> 
     </span>
    </p>

    <p class='ocr_par' dir='ltr' id='par_1_22' title="bbox 105 1982 1396 2045">
     <span class='ocr_line' id='line_1_26' title="bbox 105 1982 1396 2045; baseline -0.002 -15"><span class='ocrx_word' id='word_1_157' title='bbox 105 1998 283 2030; x_wconf 89' lang='lat' dir='ltr'>mactat</span> <span class='ocrx_word' id='word_1_158' title='bbox 310 2002 435 2031; x_wconf 88' lang='grc'><strong>53613</strong></span> <span class='ocrx_word' id='word_1_159' title='bbox 462 1985 618 2030; x_wconf 88' lang='lat' dir='ltr'>ferens</span> <span class='ocrx_word' id='word_1_160' title='bbox 647 1998 694 2030; x_wconf 90' lang='lat' dir='ltr'>et</span> <span class='ocrx_word' id='word_1_161' title='bbox 722 2001 831 2030; x_wconf 91' lang='lat' dir='ltr'>cum</span> <span class='ocrx_word' id='word_1_162' title='bbox 858 2001 995 2045; x_wconf 87' lang='lat' dir='ltr'>grege</span> <span class='ocrx_word' id='word_1_163' title='bbox 1022 1983 1143 2029; x_wconf 88' lang='lat' dir='ltr'>sistit</span> <span class='ocrx_word' id='word_1_164' title='bbox 1169 1982 1227 2028; x_wconf 89' lang='lat' dir='ltr'>ad</span> <span class='ocrx_word' id='word_1_165' title='bbox 1253 1998 1396 2028; x_wconf 88' lang='lat' dir='ltr'>aram.</span> 
     </span>
    </p>

    <p class='ocr_par' dir='ltr' id='par_1_23' title="bbox 105 2051 1549 2114">
     <span class='ocr_line' id='line_1_27' title="bbox 105 2051 1549 2114; baseline -0.003 -16"><span class='ocrx_word' id='word_1_166' title='bbox 105 2051 318 2113; x_wconf 83' lang='lat' dir='ltr'>Thybris</span> <span class='ocrx_word' id='word_1_167' title='bbox 345 2069 398 2098; x_wconf 89' lang='lat' dir='ltr'>ea</span> <span class='ocrx_word' id='word_1_168' title='bbox 423 2051 638 2109; x_wconf 84' lang='lat' dir='ltr'>fluvium,</span> <span class='ocrx_word' id='word_1_169' title='bbox 667 2068 810 2114; x_wconf 91' lang='lat' dir='ltr'>quam</span> <span class='ocrx_word' id='word_1_170' title='bbox 832 2052 973 2111; x_wconf 88' lang='lat' dir='ltr'>longa</span> <span class='ocrx_word' id='word_1_171' title='bbox 1001 2063 1084 2108; x_wconf 84' lang='lat' dir='ltr'>est,</span> <span class='ocrx_word' id='word_1_172' title='bbox 1107 2064 1250 2096; x_wconf 87' lang='lat' dir='ltr'>nocte</span> <span class='ocrx_word' id='word_1_173' title='bbox 1278 2061 1549 2095; x_wconf 88' lang='lat' dir='ltr'>tumentem</span> 
     </span>
    </p>

    <p class='ocr_par' dir='ltr' id='par_1_24' title="bbox 106 2117 1232 2176">
     <span class='ocr_line' id='line_1_28' title="bbox 106 2117 1232 2176; baseline -0.002 -12"><span class='ocrx_word' id='word_1_174' title='bbox 106 2119 260 2176; x_wconf 90' lang='lat' dir='ltr'>leniit,</span> <span class='ocrx_word' id='word_1_175' title='bbox 290 2132 337 2165; x_wconf 89' lang='lat' dir='ltr'>et</span> <span class='ocrx_word' id='word_1_176' title='bbox 362 2119 505 2164; x_wconf 87' lang='lat' dir='ltr'>tacita</span> <span class='ocrx_word' id='word_1_177' title='bbox 530 2118 734 2164; x_wconf 88' lang='lat' dir='ltr'>refluens</span> <span class='ocrx_word' id='word_1_178' title='bbox 762 2118 826 2164; x_wconf 88' lang='lat' dir='ltr'>ita</span> <span class='ocrx_word' id='word_1_179' title='bbox 852 2117 1063 2164; x_wconf 85' lang='lat' dir='ltr'>substitit</span> <span class='ocrx_word' id='word_1_180' title='bbox 1090 2117 1232 2173; x_wconf 88' lang='lat' dir='ltr'>unda,</span> 
     </span>
    </p>

    <p class='ocr_par' dir='ltr' id='par_1_25' title="bbox 107 2182 1333 2247">
     <span class='ocr_line' id='line_1_29' title="bbox 107 2182 1333 2247; baseline -0.003 -15"><span class='ocrx_word' id='word_1_181' title='bbox 107 2185 234 2232; x_wconf 89' lang='lat' dir='ltr'>mitis</span> <span class='ocrx_word' id='word_1_182' title='bbox 261 2199 313 2232; x_wconf 94' lang='lat' dir='ltr'>ut</span> <span class='ocrx_word' id='word_1_183' title='bbox 337 2185 388 2231; x_wconf 92' lang='lat' dir='ltr'>in</span> <span class='ocrx_word' id='word_1_184' title='bbox 415 2203 596 2231; x_wconf 90' lang='lat' dir='ltr'>morem</span> <span class='ocrx_word' id='word_1_185' title='bbox 625 2185 775 2246; x_wconf 88' lang='lat' dir='ltr'>stagni</span> <span class='ocrx_word' id='word_1_186' title='bbox 804 2185 1119 2247; x_wconf 87' lang='lat' dir='ltr'>placidaeque</span> <span class='ocrx_word' id='word_1_187' title='bbox 1145 2182 1333 2245; x_wconf 87' lang='lat' dir='ltr'>paludis</span> 
     </span>
    </p>

    <p class='ocr_par' dir='ltr' id='par_1_26' title="bbox 108 2250 1454 2316">
     <span class='ocr_line' id='line_1_30' title="bbox 108 2250 1454 2316; baseline -0.003 -17"><span class='ocrx_word' id='word_1_188' title='bbox 108 2266 338 2299; x_wconf 89' lang='lat' dir='ltr'>sterneret</span> <span class='ocrx_word' id='word_1_189' title='bbox 364 2270 540 2316; x_wconf 88' lang='lat' dir='ltr'>aequor</span> <span class='ocrx_word' id='word_1_190' title='bbox 568 2253 713 2315; x_wconf 90' lang='lat' dir='ltr'>aquis,</span> <span class='ocrx_word' id='word_1_191' title='bbox 743 2269 874 2298; x_wconf 90' lang='lat' dir='ltr'>remo</span> <span class='ocrx_word' id='word_1_192' title='bbox 903 2265 955 2297; x_wconf 92' lang='lat' dir='ltr'>ut</span> <span class='ocrx_word' id='word_1_193' title='bbox 982 2252 1229 2297; x_wconf 85' lang='lat' dir='ltr'>luctamen</span> <span class='ocrx_word' id='word_1_194' title='bbox 1257 2250 1454 2296; x_wconf 89' lang='lat' dir='ltr'>abesset.</span> 
     </span>
    </p>

    <p class='ocr_par' dir='ltr' id='par_1_27' title="bbox 109 2317 1552 2382">
     <span class='ocr_line' id='line_1_31' title="bbox 109 2317 1552 2382; baseline -0.003 -17"><span class='ocrx_word' id='word_1_195' title='bbox 109 2337 215 2380; x_wconf 87' lang='lat' dir='ltr'>ergo</span> <span class='ocrx_word' id='word_1_196' title='bbox 241 2319 332 2366; x_wconf 90' lang='lat' dir='ltr'>iter</span> <span class='ocrx_word' id='word_1_197' title='bbox 357 2319 607 2382; x_wconf 89' lang='lat' dir='ltr'>inceptum</span> <span class='ocrx_word' id='word_1_198' title='bbox 635 2319 848 2366; x_wconf 87' lang='lat' dir='ltr'>celerant</span> <span class='ocrx_word' id='word_1_199' title='bbox 874 2335 1065 2364; x_wconf 91' lang='lat' dir='ltr'>rumore</span> <span class='ocrx_word' id='word_1_200' title='bbox 1092 2317 1320 2363; x_wconf 89' lang='lat' dir='ltr'>secundo.</span> <span class='ocrx_word' id='word_1_201' title='bbox 1511 2339 1552 2370; x_wconf 73' lang='lat'>90</span> 
     </span>
    </p>

    <p class='ocr_par' dir='ltr' id='par_1_28' title="bbox 109 2384 1348 2442">
     <span class='ocr_line' id='line_1_32' title="bbox 109 2384 1348 2442; baseline -0.002 -11"><span class='ocrx_word' id='word_1_202' title='bbox 109 2386 283 2432; x_wconf 91' lang='lat' dir='ltr'>labitur</span> <span class='ocrx_word' id='word_1_203' title='bbox 309 2401 454 2433; x_wconf 90' lang='lat' dir='ltr'>uncta</span> <span class='ocrx_word' id='word_1_204' title='bbox 480 2387 608 2433; x_wconf 87' lang='lat' dir='ltr'>vadis</span> <span class='ocrx_word' id='word_1_205' title='bbox 637 2386 798 2432; x_wconf 87' lang='lat' dir='ltr'>abies·</span> <span class='ocrx_word' id='word_1_206' title='bbox 786 2407 799 2442; x_wconf 85' lang='lat'>3</span> <span class='ocrx_word' id='word_1_207' title='bbox 838 2385 1073 2431; x_wconf 88' lang='lat' dir='ltr'>mirantur</span> <span class='ocrx_word' id='word_1_208' title='bbox 1100 2398 1147 2430; x_wconf 89' lang='lat' dir='ltr'>et</span> <span class='ocrx_word' id='word_1_209' title='bbox 1176 2384 1348 2441; x_wconf 88' lang='lat' dir='ltr'>undae,</span> 
     </span>
    </p>

    <p class='ocr_par' dir='ltr' id='par_1_29' title="bbox 110 2452 1194 2526">
     <span class='ocr_line' id='line_1_33' title="bbox 110 2452 1194 2526; baseline 0 -29"><span class='ocrx_word' id='word_1_210' title='bbox 110 2453 307 2499; x_wconf 89' lang='lat' dir='ltr'>miratur</span> <span class='ocrx_word' id='word_1_211' title='bbox 332 2471 499 2500; x_wconf 90' lang='lat' dir='ltr'>nemus</span> <span class='ocrx_word' id='word_1_212' title='bbox 526 2454 768 2513; x_wconf 75' lang='lat' dir='ltr'>insuetum</span> <span class='ocrx_word' id='word_1_213' title='bbox 796 2452 1029 2514; x_wconf 90' lang='lat' dir='ltr'>fulgentia</span> <span class='ocrx_word' id='word_1_214' title='bbox 1054 2452 1194 2526; x_wconf 80' lang='lat' dir='ltr'>longe</span> 
     </span>
    </p>

    <p class='ocr_par' dir='ltr' id='par_1_30' title="bbox 111 2518 1284 2584">
     <span class='ocr_line' id='line_1_34' title="bbox 111 2518 1284 2584; baseline 0 -20"><span class='ocrx_word' id='word_1_215' title='bbox 111 2532 244 2565; x_wconf 90' lang='lat' dir='ltr'>scuta</span> <span class='ocrx_word' id='word_1_216' title='bbox 268 2520 422 2567; x_wconf 89' lang='lat' dir='ltr'>virum</span> <span class='ocrx_word' id='word_1_217' title='bbox 448 2520 594 2567; x_wconf 84' lang='lat' dir='ltr'>fluvio</span> <span class='ocrx_word' id='word_1_218' title='bbox 619 2521 867 2584; x_wconf 90' lang='lat' dir='ltr'>pictasque</span> <span class='ocrx_word' id='word_1_219' title='bbox 893 2521 1062 2566; x_wconf 89' lang='lat' dir='ltr'>innare</span> <span class='ocrx_word' id='word_1_220' title='bbox 1090 2518 1284 2566; x_wconf 89' lang='lat' dir='ltr'>carinas.</span> 
     </span>
    </p>

    <p class='ocr_par' dir='ltr' id='par_1_31' title="bbox 112 2585 1232 2662">
     <span class='ocr_line' id='line_1_35' title="bbox 112 2585 1232 2662; baseline 0.002 -32"><span class='ocrx_word' id='word_1_221' title='bbox 112 2585 196 2631; x_wconf 90' lang='lat' dir='ltr'>olli</span> <span class='ocrx_word' id='word_1_222' title='bbox 221 2587 418 2647; x_wconf 83' lang='lat' dir='ltr'>remigio</span> <span class='ocrx_word' id='word_1_223' title='bbox 444 2602 734 2650; x_wconf 90' lang='lat' dir='ltr'>noctemque</span> <span class='ocrx_word' id='word_1_224' title='bbox 761 2588 986 2662; x_wconf 85' lang='lat' dir='ltr'>diemque</span> <span class='ocrx_word' id='word_1_225' title='bbox 1013 2586 1232 2647; x_wconf 82' lang='lat' dir='ltr'>fatigant,</span> 
     </span>
    </p>

    <p class='ocr_par' dir='ltr' id='par_1_32' title="bbox 113 2652 1308 2717">
     <span class='ocr_line' id='line_1_36' title="bbox 113 2652 1308 2717; baseline -0.001 -19"><span class='ocrx_word' id='word_1_226' title='bbox 113 2666 160 2698; x_wconf 88' lang='lat' dir='ltr'>et</span> <span class='ocrx_word' id='word_1_227' title='bbox 186 2652 351 2713; x_wconf 90' lang='lat' dir='ltr'>longos</span> <span class='ocrx_word' id='word_1_228' title='bbox 378 2669 601 2716; x_wconf 87' lang='lat' dir='ltr'>superant</span> <span class='ocrx_word' id='word_1_229' title='bbox 626 2655 792 2713; x_wconf 84' lang='lat' dir='ltr'>flexus,</span> <span class='ocrx_word' id='word_1_230' title='bbox 820 2655 1054 2717; x_wconf 86' lang='lat' dir='ltr'>variisque</span> <span class='ocrx_word' id='word_1_231' title='bbox 1083 2666 1308 2713; x_wconf 88' lang='lat' dir='ltr'>teguntur</span> 
     </span>
    </p>

    <p class='ocr_par' dir='ltr' id='par_1_33' title="bbox 113 2716 1491 2784">
     <span class='ocr_line' id='line_1_37' title="bbox 113 2716 1491 2784; baseline -0.003 -20"><span class='ocrx_word' id='word_1_232' title='bbox 113 2718 369 2776; x_wconf 87' lang='lat' dir='ltr'>arboribus,</span> <span class='ocrx_word' id='word_1_233' title='bbox 395 2720 664 2783; x_wconf 85' lang='lat' dir='ltr'>viridesque</span> <span class='ocrx_word' id='word_1_234' title='bbox 692 2735 855 2768; x_wconf 90' lang='lat' dir='ltr'>secant</span> <span class='ocrx_word' id='word_1_235' title='bbox 880 2721 1074 2784; x_wconf 90' lang='lat' dir='ltr'>placido</span> <span class='ocrx_word' id='word_1_236' title='bbox 1102 2735 1304 2780; x_wconf 88' lang='lat' dir='ltr'>aequore</span> <span class='ocrx_word' id='word_1_237' title='bbox 1336 2716 1491 2762; x_wconf 88' lang='lat' dir='ltr'>silvas.</span> 
     </span>
    </p>
   </div>
   <div class='ocr_carea' id='block_1_5' title="bbox 249 2797 1348 2851">
    <p class='ocr_par' dir='ltr' id='par_1_34' title="bbox 249 2797 1348 2851">
     <span class='ocr_line' id='line_1_38' title="bbox 249 2797 1348 2851; baseline -0.013 -3"><span class='ocrx_word' id='word_1_238' title='bbox 249 2810 297 2850; x_wconf 90' lang='grc'>75</span> <span class='ocrx_word' id='word_1_239' title='bbox 329 2806 474 2838; x_wconf 69' lang='lat' dir='ltr'>tenesst-</span> <span class='ocrx_word' id='word_1_240' title='bbox 586 2813 636 2850; x_wconf 90' lang='lat'>90</span> <span class='ocrx_word' id='word_1_241' title='bbox 667 2811 860 2851; x_wconf 82' lang='lat' dir='ltr'>peragunt.</span> <span class='ocrx_word' id='word_1_242' title='bbox 919 2800 1179 2848; x_wconf 89' lang='lat' dir='ltr'>Rumone(=</span> <span class='ocrx_word' id='word_1_243' title='bbox 1190 2797 1348 2846; x_wconf 80' lang='lat' dir='ltr'>Tiberi).</span> 
     </span>
    </p>
   </div>
  </div>
 </body>
</html>
