1866 3208
722 938 924 985 LIBER
959 937 1276 986 DECIMUS

324 1067 577 1114 PANDrrtm
601 1066 784 1114 interea
811 1067 976 1114 domus
1003 1067 1348 1131 omnipotentis
1376 1067 1593 1130 Olympi,

320 1133 678 1196 conciliumque
703 1146 840 1180 vocat
866 1133 1027 1180 divom
1055 1148 1190 1197 pater
1219 1147 1360 1199 atque
1385 1134 1638 1180 hominum
1664 1150 1745 1179 rex

320 1200 590 1247 sideream
579 1218 629 1246 1n
656 1201 834 1258 sedem,
862 1213 1005 1247 terras
1032 1201 1160 1247 unde
1187 1202 1357 1247 arduus
1383 1217 1548 1247 omnes

320 1280 563 1329 castraque
601 1266 938 1314 Dardanidum
969 1279 1181 1330 aspectat
1209 1267 1505 1342 populosque
1532 1266 1747 1314 Latinos.

319 1333 576 1380 considunt
604 1333 741 1380 tectis
768 1333 1129 1396 bipatentibus·
1116 1371 1130 1391 ,
1166 1333 1339 1396 incipit
1365 1333 1500 1396 ipse:

288 1400 572 1446 ‘caelicolae
599 1400 773 1461 magni,
801 1400 1024 1464 quianam
1050 1400 1287 1447 sententia
1313 1399 1444 1446 vobis

318 1484 448 1513 versa
474 1480 614 1524 retro,
645 1480 927 1529 tantumque
955 1466 1123 1513 animis
1150 1465 1339 1513 certatis
1365 1465 1577 1530 iniquis?

319 1533 577 1580 abnueram
602 1505 731 1580 bello
760 1534 949 1580 Italiam
976 1550 1259 1581 concurrere
1285 1534 1506 1580 Teucris.

318 1617 437 1663 quae
464 1613 629 1647 contra
655 1600 859 1647 vetitum
886 1600 1156 1647 discordia?
1192 1600 1294 1663 quis
1320 1613 1474 1646 metus
1499 1612 1579 1646 aut
1605 1601 1689 1646 hos

318 1680 398 1713 aut
423 1668 506 1713 hos
533 1684 660 1713 arma
686 1667 817 1731 sequi
849 1667 1122 1730 ferrumque
1149 1667 1377 1714 lacessere
1403 1667 1580 1713 suasit?
1709 1691 1748 1712 ιο

317 1733 540 1779 adveniet
566 1733 744 1780 iustum
769 1751 973 1796 pugnae,
1001 1751 1061 1780 ne
1088 1734 1319 1792 arcessite,
1347 1747 1549 1796 tempus,

317 1816 426 1846 cum
452 1800 550 1846 fera
578 1800 821 1861 Karthago
850 1800 1077 1846 Romanis
1104 1801 1288 1846 arcibus
1313 1800 1429 1846 olim

318 1865 517 1913 exitium
543 1884 769 1927 magnum
796 1880 935 1930 atque
961 1867 1108 1929 Alpes
1133 1867 1349 1913 inmittet
1375 1879 1557 1929 apertas
1583 1885 1592 1912 :

317 1946 419 1979 tum
445 1946 624 1979 certare
650 1933 786 1991 odiis,
814 1946 916 1980 tum
942 1951 1013 1980 res
1040 1934 1244 1996 rapuisse
1270 1933 1454 1980 licebit.

317 2016 446 2046 nunc
473 1999 614 2046 sinite
637 2019 652 2054 ;
689 2013 736 2046 et
760 2000 1004 2063 placidum
1031 2000 1142 2046 laeti
1169 2000 1445 2062 componite
1471 2000 1672 2047 foedus)

383 2066 602 2129 Iuppiter
627 2068 744 2113 haec
771 2067 932 2129 paucis
957 2087 970 2123 ;
1007 2080 1053 2112 at
1080 2083 1176 2113 non
1203 2066 1370 2113 Venus
1395 2083 1536 2113 aurea
1562 2080 1727 2113 contra

315 2150 464 2196 pauca
487 2133 632 2180 refert
657 2152 666 2180 :

284 2204 297 2224 ‘
315 2217 343 2246 o
372 2200 524 2258 Pater,
551 2217 577 2246 o
603 2200 856 2248 hominum
881 2217 1131 2263 rerumque
1158 2214 1349 2247 aeterna
1372 2213 1579 2263 potestas
1603 2200 1612 2247 !

317 2283 521 2328 namque
549 2267 678 2313 aliud
703 2267 819 2330 quid
846 2267 920 2325 sit,
948 2268 1076 2330 quod
1101 2267 1193 2313 iam
1220 2267 1455 2330 inplorare
1481 2271 1742 2329 queamus?

317 2333 470 2380 cernis
497 2346 549 2379 ut
573 2334 809 2380 insultent
836 2334 1023 2391 Rutuli,
1051 2334 1341 2396 Turnusque
1366 2334 1544 2379 feratur
1702 2358 1744 2378 20

314 2416 400 2462 per
424 2399 604 2446 medios
630 2400 827 2460 insignis
856 2400 985 2462 equis
1012 2400 1317 2462 tumidusque
1343 2400 1555 2446 secundo

318 2466 478 2512 Marte
503 2479 637 2512 ruat
630 2469 644 2501 Ρ
682 2483 778 2512 non
806 2467 961 2512 clausa
989 2479 1157 2527 tegunt
1183 2466 1275 2513 iam
1295 2466 1484 2512 moenia
1505 2467 1739 2513 Teucros.

315 2532 432 2595 quin
458 2531 582 2578 intra
608 2545 764 2595 portas
791 2546 932 2595 atque
959 2532 1067 2595 ipsis
1093 2532 1272 2595 proelia
1297 2533 1502 2580 miscent

316 2599 557 2660 aggeribus
583 2615 853 2647 moerorum
882 2612 928 2645 et
953 2599 1193 2646 inundant
1218 2599 1445 2660 sanguine
1470 2600 1627 2647 fossas.

314 2665 539 2713 Aeneas
527 2682 715 2727 lgnarus
741 2666 888 2713 abest.
959 2683 1282 2730 numquamne
1309 2666 1452 2713 levari

881 2759 932 2795 24.
961 2748 1092 2786 fossae.
