1861 3256
561 271 896 310 GEORGICON
925 272 1028 310 LIB.
1057 273 1101 310 ΙΙ
1526 283 1574 326 53

141 379 383 427 Thesidae
406 395 619 442 posuere,
647 391 788 440 atque
814 378 940 425 inter
963 381 1136 442 pocula
1160 380 1271 427 laeti

140 447 363 494 mollibus
387 445 438 492 in
463 445 607 508 pratis
634 458 803 491 unctos
829 446 1008 493 saluere
1032 465 1118 510 per
1143 461 1283 495 utres.

139 531 230 561 nec
258 531 354 560 non
378 512 580 559 Ausonii
607 511 755 558 Troia
779 528 890 572 gens
917 514 1051 560 missa
1079 514 1238 560 coloni

138 581 348 628 versibus
373 579 630 642 incomptis
655 579 831 625 ludunt
854 579 1042 642 risuque
1068 582 1238 639 soluto,

138 665 311 711 oraque
338 647 592 694 corticibus
619 660 813 693 sumunt
837 648 1071 694 horrenda
1097 649 1286 706 cavatis,

139 729 186 763 et
211 729 272 772 te,
302 715 505 772 Bacche,
530 726 703 760 vocant
727 731 811 776 per
837 714 1045 760 carmina
1069 716 1209 773 laeta,
1235 716 1417 779 tibique

137 782 304 829 oscilla
329 799 385 828 ex
412 782 504 827 alta
529 781 828 844 suspendunt
851 782 1016 827 mollia
1041 782 1176 843 pinu.

134 849 248 895 hinc
276 848 430 895 omnis
455 849 583 909 largo
609 848 826 910 pubescit
852 848 991 894 vinea
1018 849 1137 906 fetu,
1512 875 1574 907 390

135 916 440 979 complentur
463 916 704 979 vallesque
731 932 875 961 cavae
902 916 1139 979 saltusque
1165 917 1390 978 profundi

135 997 181 1031 et
207 1000 513 1046 quocumque
538 983 651 1028 deus
676 982 858 1029 circum
884 997 1026 1045 caput
1053 983 1147 1044 egit
1173 986 1442 1033 honestum.

133 1067 242 1111 ergo
267 1050 356 1097 rite
383 1067 519 1097 suum
545 1050 740 1096 Baccho
765 1049 977 1096 dicemus
1003 1052 1237 1097 honorem

133 1117 424 1164 carminibus
447 1117 624 1179 patriis,
651 1118 904 1180 lancesque
932 1130 977 1163 et
1004 1118 1098 1163 liba
1123 1118 1346 1176 feremus,

133 1198 180 1232 et
205 1185 374 1231 ductus
401 1201 547 1232 cornu
573 1184 714 1231 stabit
740 1202 868 1231 sacer
892 1184 1050 1230 hircus
1078 1185 1136 1230 ad
1161 1202 1302 1243 aram,

128 1252 419 1315 pinguiaque
445 1252 494 1298 in
521 1251 708 1298 veribus
736 1252 1016 1298 torrebimus
1044 1265 1151 1297 exta
1178 1252 1404 1299 colurnis.

199 1332 268 1366 est
294 1320 439 1366 etiam
464 1319 547 1365 ille
574 1319 704 1365 labor
731 1320 946 1365 curandis
974 1319 1148 1366 vitibus
1174 1320 1305 1377 alter,

131 1386 209 1433 cui
235 1403 496 1449 numquam
524 1386 735 1433 exhausti
763 1386 867 1433 satis
893 1400 960 1433 est
985 1406 995 1434 z
1034 1405 1239 1451 namque
1265 1403 1409 1433 omne
1434 1400 1571 1450 quot-

266 1471 400 1500 anms

129 1534 295 1583 terque
322 1534 579 1584 quaterque
604 1521 759 1567 solum
784 1521 1103 1568 scindendum
1128 1522 1387 1584 glaebaque
1414 1521 1554 1567 versis

129 1601 374 1634 aeternum
402 1588 662 1649 frangenda
689 1588 972 1644 bidentibus,
1000 1606 1142 1634 omne
1168 1589 1424 1634 levandum
1507 1613 1570 1642 400

127 1655 294 1701 fronde
321 1672 502 1701 nemus.
574 1655 696 1701 redit
720 1654 937 1729 agricolis
964 1655 1096 1700 labor
1122 1668 1252 1700 actus
1278 1655 1327 1700 in
1355 1656 1534 1713 orbem,

127 1736 268 1785 atque
294 1721 343 1767 in
371 1739 418 1768 se
443 1738 523 1767 sua
548 1738 630 1782 per
654 1721 848 1781 vestigia
872 1721 1078 1768 volvitur
1104 1739 1269 1769 annus.

126 1805 178 1835 ac
205 1788 299 1835 iam
324 1788 457 1845 olim,
483 1805 601 1834 seras
626 1788 782 1850 posuit
809 1805 919 1835 cum
945 1788 1085 1835 vinea
1110 1789 1299 1836 frondes

125 1855 320 1917 frigidus
347 1868 394 1902 et
419 1855 545 1902 silvis
571 1855 751 1919 Aquilo
777 1856 982 1902 decussit
1006 1857 1259 1914 honorem,

124 1923 218 1969 iam
243 1935 346 1970 tum
372 1939 478 1970 acer
504 1940 636 1970 curas
662 1923 938 1969 venientem
966 1924 1183 1971 extendit
1207 1924 1257 1971 in
1284 1941 1464 1971 annum

122 1990 340 2047 rusticus,
357 1993 416 2037 'et
441 2007 583 2037 curvo
611 1990 799 2037 Saturni
827 1991 972 2038 dente
997 1991 1214 2038 relictam

121 2058 422 2121 persequitur
448 2057 596 2104 vitem
623 2058 872 2105 attondens
901 2058 1132 2122 fingitque
1157 2058 1386 2121 putando.

119 2125 300 2188 primus
325 2126 528 2172 humum
554 2125 719 2181 fodito,
746 2126 927 2188 primus
954 2127 1150 2172 devecta
1175 2139 1386 2173 cremato

120 2205 370 2251 sarmenta,
398 2206 445 2240 et
468 2193 614 2239 vallos
639 2192 820 2256 primus
847 2193 934 2239 sub
960 2206 1084 2240 tecta
1107 2194 1280 2239 referto
1301 2213 1316 2248 3

118 2273 386 2324 postremus
411 2260 595 2308 metito.
668 2260 736 2307 bis
761 2260 936 2307 vitibus
962 2260 1139 2322 ingruit
1164 2261 1344 2316 umbra,
1501 2284 1565 2316 410

120 2326 190 2373 bis
215 2341 420 2389 segetem
445 2328 599 2374 densis
625 2328 872 2375 obducunt
899 2328 1107 2375 sentibus
1133 2328 1304 2374 herbae
1327 2349 1341 2385 3

121 2393 263 2441 durus
288 2409 487 2458 uterque
514 2396 644 2442 labor
669 2414 679 2442 z
717 2396 906 2442 laudato
931 2395 1144 2457 ingentia
1168 2413 1288 2453 rura,

123 2460 347 2521 exiguum
373 2463 532 2510 colito.
607 2480 696 2510 nec
725 2481 822 2510 non
850 2464 1003 2510 etiam*
1019 2456 1179 2526 aspera
1203 2462 1328 2510 rusci

121 2527 301 2575 vimina
325 2547 407 2592 per
432 2531 597 2577 silvam
623 2544 669 2577 et
693 2530 805 2594 ripis
830 2530 1031 2577 fluvialis
1057 2531 1272 2577 harundo

121 2595 346 2652 caeditur,
373 2596 641 2661 incultique
669 2612 860 2644 exercet
887 2615 998 2645 cura
1023 2598 1191 2645 salicti.

120 2661 213 2708 iam
238 2661 428 2709 vinctae
452 2664 584 2722 viteS,
613 2665 705 2711 iam
732 2666 905 2712 falcem
932 2666 1116 2712 arbusta
1142 2678 1398 2728 reponunt,

120 2727 213 2775 iam
240 2728 367 2775 canit
392 2730 582 2777 effectos
608 2745 845 2778 extremus
870 2732 1047 2778 vinitor
1073 2746 1202 2779 antes
1227 2751 1237 2779 ε

51 2815 129 2856 405
160 2807 349 2845 extendet.
436 2818 511 2855 411
544 2807 743 2846 inducunt.
829 2819 906 2856 417
928 2816 1129 2847 extremos.
1230 2807 1387 2845 effectus
1404 2805 1552 2844 effetus.
