1866 3208
565 211 841 249 AENEIDOS
871 210 974 248 LIB.
1005 210 1089 247 XII
1512 225 1584 263 373

152 323 399 368 Iuturnam
423 318 608 373 misero,
636 318 803 373 fateor,
832 334 1102 364 succurrere
1129 318 1259 364 fratri

150 388 286 445 sua‘si,
313 400 360 433 et
385 403 469 448 pro
495 384 591 431 vita
616 384 794 430 maiora
819 384 991 431 audere
1016 385 1211 448 probavi
1235 407 1248 443 3

77 460 83 465 ⁷
151 472 246 501 non
273 466 324 500 ut
350 453 442 499 tela
468 466 645 508 tamen,
670 469 767 498 non
796 465 848 498 ut
875 453 1192 499 contenderet
1218 471 1380 500 arcum
1406 475 1418 510 3

150 522 312 568 adiuro
339 520 488 581 Stygii
517 532 656 581 caput
683 519 969 581 inplacabile
996 520 1156 577 fontis,

151 606 243 635 una
268 587 538 649 superstitio
564 586 742 649 superis
769 604 888 650 quae
914 587 1098 633 reddita
1122 587 1254 633 divis.

149 668 195 702 et
220 672 348 701 nunc
377 654 494 700 cedo
522 653 745 716 equidem
772 671 1046 717 pugnasque
1074 672 1211 700 exosa
1235 655 1473 719 relinquo.

148 722 269 768 illud
295 734 357 777 te,
385 721 517 767 nulla
543 721 627 767 fati
656 722 782 784 quod
808 721 910 782 lege
937 734 1145 779 tenetur,

147 807 231 853 pro
256 789 394 835 Latio
420 788 643 846 obtestor,
670 806 755 851 pro
780 788 1022 835 maiestate
1047 802 1237 836 tuorum
1264 809 1273 836 :
1526 805 1586 837 820

148 873 257 903 cum
284 856 376 902 iam
403 855 619 902 conubiis
646 873 810 918 pacem
838 856 1073 913 felicibus,
1099 870 1216 913 esto,

148 936 452 985 component,
481 940 591 969 cum
618 922 712 969 iam
739 923 861 983 leges
889 936 936 970 et
963 924 1149 970 foedera
1175 924 1391 985 iungent,

148 1009 207 1037 ne
233 1005 367 1037 vetus
393 990 635 1050 indigenas
663 1007 840 1036 nomen
867 1004 1049 1037 mutare
1079 991 1288 1046 Latinos,

147 1076 240 1105 neu
269 1058 420 1104 Troas
448 1057 545 1103 fieri
573 1057 735 1103 iubeas
763 1058 1076 1121 Teucrosque
1102 1059 1278 1115 vocari,

148 1138 226 1172 aut
251 1141 419 1171 vocem
445 1139 630 1171 mutare
656 1142 778 1171 vlros
804 1138 883 1172 aut
909 1139 1090 1172 vertere
1116 1139 1313 1173 vestem.

147 1193 204 1239 sit
229 1192 440 1249 Latium,
467 1192 560 1239 sint
585 1192 763 1239 Albani
790 1210 873 1255 per
899 1194 1084 1239 saecula
1107 1209 1251 1253 reges,

147 1260 204 1307 sit
229 1260 444 1306 Romana
470 1272 641 1322 potens
667 1260 786 1306 Itala
810 1260 985 1307 virtute
1010 1277 1216 1323 propago
1240 1282 1253 1317 ;

147 1327 337 1384 occidit,
365 1327 693 1391 occideritque
720 1327 841 1374 sinas
867 1345 978 1374 cum
1005 1327 1200 1374 nomine
1228 1327 1406 1375 Troia.'

146 1394 228 1441 olli
256 1394 502 1441 subridens
528 1395 782 1441 hominum
809 1412 1062 1458 rerumque
1087 1408 1297 1458 repertor
1320 1414 1330 1442 z

147 1479 193 1508 es
218 1478 440 1523 germana
466 1462 590 1508 Iovis
620 1462 906 1525 Saturnique
932 1463 1075 1508 altera
1101 1463 1255 1525 proles
1280 1482 1290 1510 ε
1526 1478 1588 1518 830

145 1529 319 1575 irarum
346 1541 499 1575 tantos
523 1529 671 1575 volvis
698 1530 784 1575 sub
810 1542 1000 1592 pectore
1027 1529 1217 1577 fluctus,

144 1613 307 1643 verum
335 1612 416 1656 age
444 1610 490 1643 et
516 1596 768 1659 inceptum
796 1598 964 1643 frustra
990 1597 1214 1643 submitte
1240 1598 1445 1644 furorem
1472 1617 1481 1645 ε

145 1663 205 1709 do
230 1663 358 1726 quod
382 1663 467 1720 viS,
494 1676 539 1709 et
565 1680 640 1709 me
666 1663 915 1727 victusque
940 1665 1202 1727 volensque
1227 1664 1437 1712 remitto.

145 1747 411 1776 sermonem
435 1730 635 1777 Ausonii
662 1730 868 1793 patrium
895 1748 1145 1794 moresque
1172 1731 1424 1789 tenebunt,

146 1811 293 1860 utque
321 1810 389 1844 est
415 1814 591 1844 nomen
619 1810 708 1845 ent
730 1818 744 1852 3
783 1812 1032 1845 commixt1
1059 1816 1255 1861 corpore
1282 1812 1470 1846 tantum

145 1864 390 1911 subsident
417 1865 598 1911 Teucri
622 1885 636 1919 3
674 1883 853 1912 morem
881 1866 1094 1929 ritusque
1121 1883 1356 1913 sacrorum

144 1931 344 1978 adiciam
370 1932 638 1995 faciamque
665 1950 831 1979 omnes
859 1950 956 1980 uno
983 1950 1064 1980 ore
1090 1934 1301 1981 Latinos.

143 1999 256 2045 hinc
283 2016 431 2060 genus
456 2000 671 2046 Ausonio
698 2000 905 2047 mixtum
932 2001 1061 2064 quod
1087 2001 1315 2063 sanguine
1342 2014 1517 2062 surget,

144 2083 282 2129 supra
305 2065 539 2124 homines,
566 2085 701 2130 supra
727 2067 794 2114 ire
821 2068 932 2114 deos
958 2068 1135 2130 pietate
1159 2068 1356 2124 videbis,

145 2150 233 2180 nec
259 2149 371 2194 gens
398 2134 494 2180 ulla
522 2147 626 2181 tuos
652 2152 802 2198 aeque
830 2135 1089 2182 celebrabit
1113 2137 1346 2183 honoreS.⁹
1527 2151 1589 2190 840

144 2200 311 2247 adnuit
336 2201 409 2247 his
435 2202 560 2248 Iuno
588 2216 634 2249 et
660 2217 878 2249 mentem
906 2203 1077 2250 laetata
1102 2203 1291 2250 retorsit
1315 2222 1325 2250 :

145 2267 324 2314 interea
351 2269 542 2315 excedit
570 2270 701 2316 caelo
728 2270 1005 2334 nubemque
1030 2270 1277 2334 relinquit.

212 2334 282 2380 his
307 2335 422 2383 actis
447 2336 577 2382 aliud
606 2337 814 2384 Genitor
842 2355 1003 2385 secum
1030 2338 1128 2401 ipse
1153 2339 1350 2393 volutat,

147 2401 492 2466 Iuturnamque
519 2417 649 2467 parat
676 2405 825 2451 fratris
854 2406 1096 2452 dimittere
1123 2405 1182 2452 ab
1205 2405 1358 2452 armiS.

146 2467 372 2515 dicuntur
395 2471 612 2530 geminae
638 2486 792 2534 pestes
819 2473 1108 2534 cognomine
1134 2473 1296 2529 Dirae,

147 2551 258 2597 quas
286 2548 332 2582 et
358 2536 634 2585 Tartaream
661 2539 774 2585 Nox
801 2539 1089 2602 intempesta
1118 2541 1394 2616 Megaeram

147 2617 244 2647 uno
269 2601 530 2666 eodemque
557 2605 667 2652 tulit
691 2619 846 2668 partu,
870 2607 1158 2670 paribusque
1185 2607 1392 2654 revinxit

147 2681 421 2731 serpentum
448 2670 580 2731 spiris
607 2685 914 2737 ventosasque
941 2674 1124 2721 addidit
1149 2675 1258 2722 alas.

148 2736 235 2781 hae
261 2734 383 2781 Iovis
409 2736 467 2783 ad
491 2737 662 2785 solium
688 2740 906 2805 saevique
933 2741 982 2788 in
1010 2741 1177 2788 limine
1205 2741 1324 2802 regis
