1866 3208
512 244 789 281 AENEIDOS
820 244 926 282 LIB.
955 243 1061 281 VIII
1462 244 1538 294 263

107 369 246 398 aurea
273 367 420 407 nunc,
445 349 562 395 olim
587 348 880 395 silvestribus
906 350 1098 396 horrida
1121 349 1292 396 dumis.

102 419 198 464 iam
225 431 326 464 tum
352 415 518 476 religio
543 415 738 478 pavidos
767 416 973 463 terrebat
999 431 1200 478 agrestes

106 485 204 531 dira
231 483 323 530 loci
346 504 360 540 3
396 483 490 528 iam
518 495 621 528 tum
648 482 814 528 silvam
842 500 1102 547 saxumque
1130 484 1418 530 tremebant.
1479 507 1541 539 350

76 554 195 598 ‘hoc
221 567 405 607 nemus,
433 549 598 607 hunc‚’
625 549 799 612 inquit,
833 550 1088 597 ‘frondoso
1113 551 1292 598 vertice
1323 551 1514 608 collem,

105 618 208 682 quis
233 617 348 663 deus
373 616 614 663 incertum
642 630 725 674 est,
746 616 932 663 habitat
958 617 1073 664 deus
1097 639 1110 675 3
1147 618 1354 664 Arcades
1382 617 1540 680 ipsum

104 685 306 731 credunt
332 701 380 730 se
405 683 577 730 vidisse
604 684 768 730 Iovem
795 700 902 730 cum
933 701 1070 746 saepe
1099 685 1368 746 nigrantem

103 751 265 812 aegida
293 764 575 797 concuteret
599 750 764 797 dextra
790 750 1075 813 nimbosque
1103 752 1266 799 cieret.

101 820 216 864 haec
245 818 341 864 duo
366 832 610 880 praeterea
638 817 848 864 disiectis
875 818 1049 880 oppida
1075 819 1237 876 muris,

100 886 326 948 reliquias
351 898 667 947 veterumque
692 885 824 931 vides
850 885 1151 932 monimenta
1177 886 1403 933 virorum.

101 954 225 999 hanc
253 953 395 998 Ianus
422 965 571 1015 pater,
599 953 722 998 hane
753 953 982 998 Saturnus
1012 953 1232 999 condidit
1257 969 1448 1000 arcem·
1436 989 1450 1007 ,

101 1019 377 1066 Ianiculum
402 1019 532 1077 huic,
560 1019 631 1065 illi
659 1019 813 1065 fuerat
842 1019 1063 1066 Saturnia
1090 1020 1303 1067 nomen.’

102 1086 276 1133 talibus
303 1087 429 1133 inter
455 1104 502 1133 se
528 1086 667 1133 dictis
693 1087 752 1132 ad
779 1099 905 1133 tecta
932 1088 1158 1134 subibant

101 1153 319 1216 pauperis
346 1154 573 1211 Euandri,
599 1154 871 1217 passimque
900 1168 1116 1201 armenta
1142 1154 1373 1201 videbant
1480 1169 1542 1210 360

102 1222 418 1284 Romanoque
445 1221 550 1267 foro
577 1234 624 1267 et
650 1221 790 1268 lautis
818 1221 1002 1282 mugire
1032 1221 1238 1269 Carinis.

102 1301 154 1335 ut
179 1301 378 1334 ventum
405 1288 463 1334 ad
489 1289 636 1346 sedes,
666 1289 848 1347 ‘haec‚'
874 1288 1051 1364 inquit,
1081 1288 1277 1336 ‘limina
1303 1288 1457 1336 victor

99 1355 292 1402 Alcides
320 1355 478 1413 subiit,
505 1357 624 1402 haec
652 1355 791 1403 illum
818 1356 945 1417 regia
972 1356 1119 1419 cepit.

101 1423 238 1480 aude,
265 1423 450 1485 hospes,
479 1436 792 1469 contemnere
819 1440 947 1486 opes,
977 1436 1024 1469 et
1051 1437 1097 1470 te
1124 1439 1313 1510 quoque
1340 1423 1540 1484 dignum

101 1489 225 1551 finge
251 1489 357 1547 deo,
386 1490 619 1553 rebusque
646 1490 756 1536 veni
785 1507 884 1536 non
911 1508 1045 1552 asper
1073 1490 1265 1551 egenis.'

101 1556 238 1614 dixit,
266 1569 314 1603 et
340 1557 525 1617 angusti
552 1557 715 1604 subter
741 1557 927 1619 fastigia
955 1557 1070 1604 tecti

100 1624 349 1685 ingentem
374 1625 575 1671 Aenean
603 1624 755 1681 duxit,
784 1624 1037 1687 stratisque
1063 1624 1240 1670 locavit

101 1691 324 1738 effultum
350 1691 476 1737 foliis
506 1705 552 1738 et
577 1691 706 1754 pelle
732 1691 993 1753 Libystidis
1021 1708 1170 1738 ursae.

167 1776 261 1804 nox
288 1757 400 1815 ruit,
429 1771 476 1805 et
501 1758 646 1805 fuscis
676 1758 902 1805 tellurem
929 1758 1239 1821 amplectitur
1264 1758 1365 1806 alis.

98 1838 145 1872 at
170 1826 338 1872 Venus
366 1825 493 1872 haud
520 1825 682 1872 animo
709 1825 1006 1889 nequiquam
1034 1826 1260 1873 exterrita
1286 1838 1439 1872 mater
1481 1850 1542 1881 370

97 1894 494 1955 Laurentumque
521 1892 664 1939 minis
691 1906 738 1939 et
765 1893 884 1940 duro
913 1905 1043 1939 mota
1068 1893 1296 1951 tumultu,

97 1960 377 2006 Vulcanum
394 1960 685 2023 adloquitur,
702 1961 1011 2023 thalamoque
1029 1961 1145 2007 haec
1163 1959 1380 2021 coniugis
1398 1977 1540 2007 aureo

98 2026 287 2090 incipit,
316 2040 363 2074 et
388 2027 528 2074 dictis
554 2027 775 2074 divinum
803 2027 1009 2091 adspirat
1036 2045 1243 2073 amorem
1270 2046 1279 2073 ε

67 2100 80 2120 ‘
98 2094 212 2140 dum
238 2094 369 2140 bello
393 2094 605 2155 Argolici
632 2095 885 2141 vastabant
914 2095 1141 2155 Pergama
1167 2111 1297 2155 reges

99 2161 261 2208 debita
288 2178 568 2224 casurasque
594 2161 804 2209 inimicis
833 2161 1021 2222 ignibus
1048 2179 1192 2219 arceS‚

100 2246 197 2275 non
224 2229 378 2275 ullum
405 2229 639 2275 auxilium
666 2228 864 2286 miseris,
894 2246 992 2274 non
1024 2245 1152 2275 arma
1177 2227 1335 2289 rogavi

100 2296 209 2342 artis
235 2296 397 2358 opisve
425 2309 534 2343 tuae
558 2317 572 2353 ;
609 2313 699 2343 nec
728 2310 791 2354 te,
822 2296 1062 2343 carissime
1089 2295 1319 2354 coniunx,

99 2361 397 2410 incassumve
424 2376 528 2410 tuos
555 2363 685 2410 volui
715 2381 937 2411 exercere
965 2363 1164 2420 labores,

102 2430 314 2491 quamvis
341 2443 388 2477 et
415 2430 588 2476 Priami
614 2420 842 2478 deberem
868 2430 1075 2493 plurima
1102 2430 1240 2487 natis,

103 2508 151 2542 et
174 2495 346 2543 durum
371 2498 566 2545 Aeneae
592 2497 828 2545 flevissem
856 2515 993 2562 saepe
1019 2498 1248 2545 laborem.
1479 2510 1540 2550 380

104 2578 234 2608 nunc
260 2563 384 2609 Iovis
409 2564 620 2627 imperiis
648 2566 943 2612 Rutulorum
970 2565 1187 2612 constitit
1213 2564 1304 2611 oris
1329 2583 1339 2610 :

104 2644 213 2689 ergo
239 2629 406 2677 eadem
431 2633 632 2694 supplex
658 2633 817 2691 venio,
846 2646 894 2679 et
921 2645 1140 2679 sanctum
1167 2632 1285 2678 mihi
1314 2646 1494 2677 numen

105 2713 231 2743 arma
257 2713 381 2757 roge,
408 2699 628 2758 genetrix
654 2712 783 2746 nato.
856 2712 903 2745 te
930 2699 1026 2745 filia
1054 2699 1221 2755 Nerei,

202 2787 276 2829 357
307 2777 452 2814 urbem.
568 2778 639 2828 361
673 2779 773 2817 latis.
824 2780 1008 2816 cavernis.
1123 2778 1197 2827 382
1228 2791 1383 2815 nornen.
