1861 3256
613 249 947 287 GEOROECON
975 250 1079 288 Lm.
1109 250 1129 288 1
1574 264 1622 302 39

186 375 371 417 verum,
399 357 480 404 ubi
507 370 756 419 tempestas
783 369 829 402 et
855 357 971 403 caeli
998 357 1188 403 mobilis
1213 374 1348 403 umor

188 439 430 472 mutavere
454 424 548 470 vias
576 437 621 469 et
647 423 868 485 Iuppiter
893 424 1060 471 uvidus
1085 424 1268 470 Austris

188 493 373 549 denset,
400 505 530 538 erant
556 507 674 553 quae
701 508 803 536 rara
828 491 986 547 mod0‚
1013 505 1073 547 et,
1102 509 1220 555 quae
1246 491 1404 547 densa,
1431 492 1622 549 relaxat,

189 573 439 606 vertuntur
464 558 643 620 species
670 557 953 615 animorum,
983 571 1028 605 et
1052 572 1246 621 pectora
1271 572 1425 604 motus
1564 584 1627 614 420

189 644 317 673 nunc
345 626 473 683 alios,
501 625 629 681 alios,
655 625 771 671 dum
798 625 963 670 nubila
987 639 1156 671 ventus
1183 626 1362 687 agebat,

190 693 471 755 concipiunt
496 711 505 739 ε
543 692 658 738 hinc
685 692 768 737 ille
795 692 953 738 avium
980 706 1241 739 concentus
1266 693 1316 739 in
1343 693 1460 754 agris

189 774 236 807 et
262 761 411 806 laetae
437 759 642 821 pecudes
670 772 717 805 et
743 773 937 805 ovantes
961 772 1150 820 gutture
1177 760 1320 807 corvi.

256 828 290 872 si
317 844 428 872 vero
455 827 602 872 solem
630 827 686 872 ad
710 826 927 889 rapidum
953 827 1184 889 lunasque
1211 841 1461 890 sequentes

186 894 351 940 ordine
376 894 611 955 respicies,
639 910 901 956 numquam
929 907 974 940 te
1000 894 1199 940 crastina
1226 895 1360 940 fallet

186 963 317 1018 hora,
345 977 500 1023 neque
527 960 709 1006 insidiis
736 960 887 1006 noctis
914 961 1101 1022 capiere
1128 978 1332 1009 serenae.

187 1029 314 1085 luna,
342 1041 632 1073 revertentes
660 1044 771 1073 cum
797 1027 1006 1089 primum
1033 1028 1214 1088 colligit
1240 1028 1386 1089 igneS,

187 1095 221 1142 si
249 1095 438 1155 nigrum
464 1095 661 1141 obscuro
687 1095 1040 1157 comprenderit
1066 1103 1168 1141 aera
1193 1113 1354 1153 cornu,

186 1163 418 1208 maximus
446 1162 656 1223 agricolis
683 1162 946 1225 pelagoque
971 1162 1213 1224 parabitur
1237 1162 1425 1216 imber;

186 1243 232 1275 at
258 1229 293 1275 si
321 1229 587 1290 virgineum
614 1229 865 1276 suffuderit
889 1247 967 1275 ore
992 1229 1227 1287 ruborem,
1566 1253 1628 1283 430

186 1309 355 1343 ventus
383 1297 470 1343 erit
492 1318 506 1354 ;
542 1310 690 1343 vento
717 1314 901 1359 semper
926 1297 1065 1343 rubet
1091 1314 1226 1343 aurea
1254 1296 1463 1342 Phoebe.

187 1364 258 1410 sin
284 1378 389 1410 ortu
417 1377 859 1427 quarto—namque
886 1363 922 1410 is
950 1363 1232 1410 certissimus
1259 1376 1493 1409 auctor—

186 1449 302 1493 pura
329 1448 483 1493 neque
511 1431 722 1477 obtunsis
748 1448 833 1493 per
859 1431 1043 1477 caelum
1069 1431 1289 1477 cornibus
1316 1430 1420 1487 ibit,

189 1512 312 1544 totus
340 1512 386 1544 et
411 1499 493 1544 ille
520 1498 618 1544 dies
646 1511 692 1544 et
718 1498 799 1560 qui
827 1511 1082 1545 nascentur
1107 1498 1164 1544 ab
1189 1497 1273 1543 illo

188 1579 408 1612 exactum
435 1565 491 1611 ad
517 1582 732 1611 mensem
757 1565 919 1627 pluvia
943 1565 1191 1628 ventisque
1218 1565 1463 1621 carebunt,

186 1647 389 1695 votaque
417 1632 583 1678 servati
612 1632 800 1677 solvent
825 1632 874 1677 in
903 1632 1039 1677 litore
1066 1645 1238 1678 nautae

188 1700 377 1746 Glauco
405 1713 452 1745 et
480 1699 729 1760 Panopeae
757 1713 803 1745 et
829 1700 951 1744 Inoo
980 1698 1286 1745 Melicertae.

187 1767 251 1812 sol
279 1783 483 1829 quoque,
512 1779 558 1812 et
585 1765 800 1812 exoriens
829 1779 875 1812 et
901 1782 1013 1812 cum
1040 1783 1087 1812 se
1114 1766 1291 1812 condet
1316 1765 1366 1811 in
1394 1766 1558 1823 undas,

187 1834 315 1895 signa
341 1833 472 1879 dabit
494 1853 508 1889 3
546 1833 691 1879 solem
719 1833 980 1879 certissima
1004 1833 1134 1895 signa
1160 1847 1437 1895 sequuntur,

187 1914 233 1947 et
259 1918 379 1963 quae
405 1917 546 1947 mane
571 1901 717 1947 refert
744 1914 790 1947 et
817 1918 935 1963 quae
961 1901 1260 1961 surgentibus
1289 1900 1436 1946 astris.
1568 1925 1630 1954 440

185 1969 268 2014 ille
295 1967 375 2013 ubi
402 1982 681 2014 nascentem
708 1968 905 2014 maculis
931 1966 1181 2014 variaverit
1207 1981 1364 2014 ortum

186 2035 405 2082 conditus
432 2035 483 2081 in
509 2036 688 2081 nubem
715 2035 971 2098 medioque
995 2035 1224 2096 refugerit
1250 2035 1378 2092 orbe,

187 2102 394 2165 suspecti
421 2102 508 2149 tibi
535 2103 630 2149 sint
656 2102 830 2149 imbres
854 2123 867 2159 3
905 2119 1114 2165 namque
1140 2115 1308 2162 urguet
1335 2103 1392 2148 ab
1419 2101 1517 2148 alto

187 2170 524 2233 arboribusque
551 2169 757 2232 satisque
786 2169 944 2216 Notus
969 2170 1226 2232 pecorique
1253 2169 1453 2216 sinister.

187 2250 267 2283 aut
294 2237 374 2283 ubi
403 2238 487 2283 sub
514 2238 675 2283 lucem
702 2237 845 2283 densa
870 2237 996 2282 inter
1022 2236 1188 2282 nubila
1215 2253 1313 2282 sese

186 2304 357 2350 diversi
384 2317 611 2367 rumpent
637 2304 769 2362 radii,
798 2316 877 2350 aut
902 2303 983 2349 ubi
1010 2303 1187 2365 pallida
1214 2317 1369 2364 surget

188 2371 392 2418 Tithoni
420 2388 641 2418 croceum
668 2371 890 2434 linquens
916 2371 1099 2417 Aurora
1126 2371 1302 2429 cubile,

187 2439 299 2495 heu,
325 2439 449 2485 male
478 2452 580 2485 tum
606 2438 742 2484 mites
770 2438 1000 2484 defendet
1024 2438 1279 2501 pampinus
1306 2455 1417 2484 uvas
1442 2458 1456 2494 ;

190 2516 284 2550 tam
310 2506 461 2552 multa
485 2506 536 2552 in
564 2506 701 2552 tectis
729 2505 966 2568 crepitans
994 2506 1100 2552 salit
1125 2506 1318 2551 horrida
1344 2504 1531 2566 grando.

188 2571 279 2616 hoc
307 2572 462 2630 etiam,
491 2591 683 2619 emenso
710 2590 820 2619 cum
846 2572 940 2619 iam
965 2573 1157 2619 decedit
1184 2573 1414 2634 Olympo,
1568 2593 1630 2623 450

188 2638 420 2698 profuerit
446 2641 720 2686 meminisse
746 2640 891 2701 magis
915 2661 930 2697 ;
965 2657 1076 2686 nam
1103 2657 1240 2702 saepe
1266 2639 1479 2685 videmus

190 2704 335 2766 ipsius
362 2704 412 2750 in
438 2707 574 2753 vultu
598 2707 747 2753 varios
774 2725 925 2754 errare
951 2708 1130 2754 colores
1156 2725 1166 2754 :

191 2771 433 2817 caeruleus
458 2773 669 2834 pluviam
695 2774 965 2832 denuntiat,
993 2774 1158 2835 igneus
1184 2774 1332 2819 Euros
1358 2792 1370 2828 ;
