1861 3256
209 239 282 280 108
669 241 712 279 P.
743 239 977 278 VERGILI
1007 241 1264 280 MARONIS

284 362 422 407 parce
447 345 527 408 pio
551 344 730 405 generi,
756 357 802 390 et
827 345 1014 407 propius
1038 363 1109 393 res
1136 347 1287 410 aspice
1313 360 1503 394 nostras.

284 429 380 458 non
408 429 490 458 nos
516 425 594 457 aut
619 412 741 456 ferro
766 411 969 472 Libycos
994 414 1217 476 populare
1245 415 1441 459 Penates

283 477 514 533 venimus,
540 491 618 522 aut
643 490 792 538 raptas
817 478 874 524 ad
898 478 1031 525 litora
1056 493 1237 526 vertere
1262 480 1486 541 praedas3

283 561 379 589 non
404 560 458 591 ea
483 542 548 588 vis
575 542 732 588 animo
758 560 845 590 nec
872 558 999 591 tanta
1024 545 1236 608 superbia
1261 545 1410 591 victis.

283 623 350 656 est
375 609 858 670 locus—Hesperiam
885 611 999 657 Grai
1025 612 1306 672 cognomine
1331 612 1566 657 dicunt—
1649 635 1710 666 530

282 689 402 722 terra
427 675 632 738 antiqua,
660 689 825 736 potens
851 677 988 723 armis
1013 691 1150 740 atque
1176 678 1318 724 ubere
1343 678 1532 737 glaebae
1556 697 1569 733 3

284 741 485 786 Oenotri
513 741 703 787 coluere
729 742 815 788 viri
837 763 851 799 3
887 760 1015 790 nunc
1043 745 1164 790 fama
1188 744 1392 790 minores

281 807 467 853 Italiam
494 807 662 854 dixisse
687 808 818 855 ducis
843 809 901 856 de
928 810 1120 856 nomine
1145 823 1335 871 gentem
1359 830 1372 866 3

279 873 357 919 hic
384 890 543 920 cursus
568 874 675 931 fuit,

280 956 392 986 cum
417 940 571 986 subito
597 941 843 1001 adsurgens
869 941 1018 989 fluctu
1044 942 1283 989 nimbosus
1311 942 1461 989 Orion

278 1005 328 1052 in
356 1007 471 1052 vada
497 1023 635 1052 caeca
661 1007 786 1064 tulit,
811 1009 1093 1072 penitusque
1117 1009 1392 1071 procacibus
1418 1008 1602 1055 Austris

278 1089 456 1136 perque
484 1074 628 1119 undas
655 1088 901 1135 superante
928 1076 1021 1121 salo
1045 1093 1220 1139 perque
1246 1076 1372 1122 invia
1398 1093 1502 1121 saxa

278 1139 506 1201 dispulit.
545 1142 638 1186 huc
665 1140 802 1202 pauci
829 1141 988 1187 vestris
1013 1142 1286 1188 adnavimus
1312 1142 1417 1189 oris.

279 1206 405 1268 quod
429 1222 574 1266 genus
600 1208 688 1252 hoc
716 1207 1001 1254 hominum?
1037 1225 1214 1271 quaeve
1239 1210 1367 1254 hunc
1396 1222 1490 1254 tam
1516 1208 1707 1254 barbara

413 1289 591 1319 morem

278 1339 508 1400 permittit
533 1339 714 1402 patria?
749 1340 952 1402 hospitio
977 1341 1280 1402 prohibemur
1305 1342 1504 1386 harenae
1528 1360 1542 1396 3
1646 1363 1709 1393 540

278 1406 401 1451 bella
427 1405 571 1462 cient,
596 1406 837 1469 primaque
864 1420 1024 1453 vetant
1049 1407 1301 1453 consistere
1328 1420 1462 1454 terra.

277 1471 311 1517 si
337 1488 482 1532 genus
507 1474 770 1519 humanum
798 1487 843 1520 et
868 1473 1080 1519 mortalia
1106 1472 1315 1520 temnitis
1341 1490 1482 1530 arma,

277 1552 322 1585 at
348 1552 525 1601 sperate
551 1540 660 1585 deos
687 1557 916 1586 memores
943 1540 1069 1586 fandi
1097 1554 1233 1603 atque
1260 1539 1467 1587 nefandi.

275 1622 356 1651 rex
385 1619 481 1651 erat
506 1607 689 1652 Aeneas
718 1606 866 1663 nobis,
892 1624 985 1670 quo
1011 1606 1173 1653 iustior
1198 1606 1313 1652 alter

277 1688 363 1718 nec
390 1672 563 1734 pietate
590 1673 694 1729 fuit,
724 1690 811 1718 nec
839 1674 965 1719 bello
991 1673 1136 1719 maior
1161 1685 1207 1719 et
1233 1672 1368 1718 armis
1394 1691 1404 1718 ε

276 1755 417 1800 quem
445 1738 478 1784 si
505 1739 597 1784 fata
622 1739 775 1785 virum
801 1752 1001 1796 servant,
1027 1740 1061 1785 si
1088 1739 1289 1785 vescitur
1315 1756 1422 1785 aura

276 1805 481 1851 aetheria
506 1822 659 1868 neque
686 1806 837 1852 adhuc
865 1806 1131 1852 crudelibus
1158 1806 1357 1853 occubat
1384 1804 1576 1861 umbris,

275 1888 370 1917 non
397 1884 548 1917 metus
573 1890 583 1918 :
620 1872 773 1918 officio
798 1889 884 1918 nec
913 1886 958 1918 te
985 1886 1176 1918 certasse
1203 1872 1407 1934 priorem

274 1938 513 2000 paeniteat
537 1957 547 1984 ε
585 1952 694 1985 sunt
720 1952 765 1984 et
794 1939 963 1985 Siculis
989 1939 1254 1999 regionibus
1281 1938 1415 1984 urbes

275 2021 510 2066 armaque,
536 2004 840 2067 Troianoque
866 2023 890 2051 a
916 2006 1137 2065 sanguine
1163 2006 1312 2051 clarus
1338 2005 1548 2051 Acestes,
1645 2025 1707 2056 550

275 2085 532 2133 quassatam
559 2072 711 2118 ventis
738 2071 876 2118 liceat
902 2072 1161 2118 subducere
1188 2072 1380 2117 classem

274 2151 321 2183 et
346 2138 471 2183 silvis
498 2152 652 2200 aptare
679 2139 827 2184 trabes
855 2152 901 2185 et
927 2138 1148 2199 stringere
1174 2155 1340 2194 remOS‚

273 2204 309 2249 si
334 2204 469 2250 datur
494 2205 680 2251 Italiam
706 2205 838 2251 sociis
865 2219 911 2252 et
937 2222 1042 2265 rege
1069 2219 1259 2267 recepto

275 2271 480 2326 tendere,
510 2285 561 2318 ut
587 2272 771 2318 Italiam
798 2272 907 2318 laeti
934 2272 1218 2335 Latiumque
1244 2284 1455 2333 petamus
1477 2288 1491 2324 3

274 2337 344 2382 sin
370 2337 614 2398 absumpta
640 2339 775 2395 salus,
801 2352 847 2384 et
873 2352 931 2394 te,
960 2352 1088 2400 pater
1113 2338 1289 2399 optime
1316 2336 1579 2391 Teucrum,

274 2416 443 2465 pontus
469 2404 608 2450 habet
635 2405 812 2466 Libyae
838 2422 926 2450 nec
954 2422 1052 2466 spes
1078 2405 1169 2450 iam
1194 2415 1335 2449 restat
1360 2401 1469 2458 Iuli,

275 2483 319 2516 at
343 2471 459 2516 freta
486 2471 695 2516 Sicaniae
722 2472 883 2516 saltem
910 2471 1128 2533 sedesque
1154 2483 1346 2532 parataS,

276 2537 400 2583 unde
426 2538 519 2582 huc
547 2537 743 2592 advecti,
772 2553 1021 2611 regemque
1047 2550 1258 2598 petamus
1282 2532 1520 2582 Acesten!

276 2603 442 2649 talibus
471 2603 714 2649 Ilioneus·
703 2624 716 2659 3
754 2603 916 2649 cuncti
942 2603 1079 2649 simul
1107 2620 1184 2649 ore
1210 2601 1477 2649 fremebant

277 2669 589 2717 Dardanidae.
1641 2679 1705 2717 560

345 2749 446 2783 tum
471 2735 674 2782 breviter
700 2736 826 2784 Dido
852 2737 1038 2782 vultum
1063 2735 1259 2782 demissa
1284 2736 1493 2797 profatur
1516 2751 1526 2779 z
