1866 3208
759 916 960 964 LIBER
995 915 1246 964 NONUS

358 1048 531 1102 ATQUE
555 1060 607 1091 ea
631 1042 809 1090 diversa
832 1043 1020 1105 penitus
1045 1044 1158 1090 dum
1182 1056 1312 1106 parte
1337 1054 1578 1104 geruntur,

360 1113 475 1159 Irim
501 1111 557 1158 de
583 1111 716 1158 caelo
741 1109 867 1156 misit
893 1110 1106 1157 Saturnia
1130 1111 1250 1156 Iuno

360 1179 586 1226 audacem
612 1177 671 1223 ad
695 1176 934 1224 Turnum.
1003 1177 1114 1223 luco
1140 1189 1240 1223 tum
1267 1176 1386 1222 forte
1411 1177 1616 1238 parentis

363 1245 572 1293 Pilumni
599 1243 794 1290 Turnus
820 1255 992 1289 sacrata
1015 1243 1138 1288 valle
1163 1242 1365 1289 sedebat.

361 1313 417 1359 ad
442 1328 583 1376 quem
609 1310 671 1357 sic
697 1326 827 1356 roseo
851 1309 1192 1355 Thaumantias
1217 1325 1295 1354 ore
1322 1309 1479 1356 locuta
1505 1325 1573 1357 est
1596 1328 1606 1357 :

329 1387 342 1406 ‘
367 1380 548 1435 Turne,
577 1376 703 1441 quod
727 1376 910 1439 optanti
939 1375 1096 1422 divom
1120 1374 1395 1438 promittere
1421 1392 1561 1422 nemo

360 1447 569 1503 auderet,
595 1443 827 1491 volvenda
851 1442 946 1488 dies
972 1459 1030 1488 en
1057 1441 1219 1488 attulit
1245 1442 1385 1489 ultro.

358 1515 540 1560 Aeneas
567 1512 680 1558 urbe
707 1524 752 1557 et
777 1509 910 1556 sociis
937 1521 983 1554 et
1009 1509 1152 1555 classe
1177 1507 1341 1556 relicta

359 1593 542 1642 sceptra
568 1578 767 1626 Palatini
794 1576 1046 1639 sedemque
1072 1575 1193 1637 petit
1219 1575 1441 1623 Euandri.

360 1663 447 1693 nec
474 1646 580 1693 satis
604 1665 614 1692 :
652 1658 881 1692 extremas
911 1642 1110 1705 Corythi
1136 1643 1402 1706 penetravit
1427 1643 1485 1689 ad
1509 1642 1642 1689 urbes
1747 1668 1787 1690 10

358 1713 696 1775 Lydorumque
722 1728 916 1758 manum
943 1710 1167 1757 collectos
1193 1722 1340 1756 armat
1365 1722 1575 1770 agrestes.

358 1780 473 1843 quid
488 1779 697 1825 dubitas?
724 1795 852 1825 nunc
875 1791 1062 1839 tempus
1079 1793 1236 1839 equos,
1256 1793 1383 1822 nunc
1401 1793 1592 1838 poscere
1609 1793 1785 1824 currus.

358 1863 522 1909 rumpe
550 1863 696 1892 moras
721 1861 883 1891 omnes
909 1857 954 1890 et
981 1843 1167 1890 turbata
1191 1843 1337 1904 arripe
1364 1844 1539 1891 castra.'

358 1913 491 1969 dixit,
519 1924 565 1959 et
590 1913 638 1958 in
665 1913 851 1959 caelum
877 1910 1062 1974 paribus
1091 1927 1135 1956 se
1162 1910 1348 1956 sustulit
1373 1909 1454 1955 alis

358 1979 693 2041 ingentemque
721 1980 829 2039 fuga
854 1977 1002 2024 secuit
1030 1977 1112 2023 sub
1140 1976 1341 2022 nubibus
1367 1993 1544 2023 arcum.

358 2045 576 2106 adgnovit
601 2045 779 2091 iuvenis
806 2045 1113 2107 duplicesque
1140 2043 1197 2088 ad
1221 2043 1368 2088 sidera
1392 2044 1568 2104 palmas

358 2112 559 2168 sustulit,
588 2129 639 2158 ac
668 2112 745 2158 tali
774 2111 1035 2172 fugientem
1063 2123 1131 2156 est
1158 2126 1272 2156 voce
1298 2121 1483 2156 secutus
1506 2128 1516 2156 :

327 2178 437 2235 ‘Iri‚
464 2179 605 2225 decus
632 2179 764 2234 caeli,
793 2178 895 2241 quis
924 2190 968 2223 te
996 2176 1113 2222 mihi
1141 2176 1342 2222 nubibus
1368 2188 1518 2222 actam

358 2244 530 2292 detulit
556 2245 602 2290 in
631 2248 805 2292 terras?
844 2244 967 2290 unde
995 2244 1109 2289 haec
1139 2256 1235 2289 tam
1261 2243 1384 2288 clara
1408 2255 1604 2304 repente

359 2315 642 2374 tempestas?
679 2312 890 2357 medium
918 2310 1053 2356 video
1080 2309 1318 2355 discedere
1344 2309 1527 2354 caelum
1746 2333 1785 2355 20

357 2379 663 2441 palantesque
688 2378 799 2439 polo
824 2377 994 2423 stellas,
1065 2391 1232 2437 sequor
1256 2374 1413 2420 omina
1437 2386 1581 2430 tanta,

358 2444 565 2508 quisquis
590 2444 638 2489 in
665 2460 789 2489 arma
813 2442 982 2488 vocas.’
1053 2452 1100 2487 et
1126 2441 1188 2486 sic
1216 2441 1378 2486 effatus
1404 2441 1459 2486 ad
1485 2440 1660 2487 undam

358 2510 579 2574 processit
598 2525 875 2571 summoque
902 2507 1054 2554 hausit
1080 2507 1136 2552 de
1163 2506 1343 2567 gurgite
1370 2507 1599 2568 lymphas,

358 2578 507 2624 multa
531 2576 640 2622 deos
665 2592 812 2631 orans,
840 2573 1142 2636 oneravitque
1170 2574 1358 2619 aethera
1380 2573 1514 2620 votis.

424 2644 610 2706 iamque
635 2641 786 2688 omnis
812 2640 988 2703 campis
1015 2639 1247 2686 exercitus
1273 2639 1368 2685 ibat
1393 2639 1577 2700 apertis,

358 2710 485 2755 dives
511 2725 703 2772 equum,
729 2707 854 2753 dives
879 2707 1024 2769 picta‘l'
1047 2705 1184 2752 vestis
1210 2717 1256 2752 et
1281 2704 1377 2752 auri
1400 2726 1414 2762 ;

829 2799 872 2836 17
904 2794 955 2826 et.
1063 2786 1112 2823 26
1144 2786 1253 2834 picta.

1852 162 1866 194 ἠ.
1847 0 1866 142 JV*
