1861 3256
289 285 303 310 1
312 272 360 312 80
733 271 776 308 P.
807 269 1043 309 VERGILI
1073 271 1331 309 MARONIS

352 389 454 424 tum
479 377 583 439 pius
608 377 822 422 Aeneas:
863 377 1111 439 ‘equidem
1136 377 1201 424 sic
1227 394 1420 440 poscere
1445 389 1612 424 ventos

351 443 629 490 iamdudum
656 455 702 488 et
728 442 898 489 frustra
923 460 1065 491 cerno
1091 457 1137 491 te
1163 445 1358 492 tendere
1385 455 1566 490 contra.

351 509 492 556 flecte
517 509 642 554 viam
667 507 799 555 velis.
870 526 928 555 an
955 510 1013 556 sit
1038 510 1155 556 mihi
1181 510 1354 572 gratior
1380 509 1491 567 ulla,

352 592 505 638 quove
531 574 676 634 magis
702 575 843 620 fessas
868 588 1028 638 optem
1054 577 1307 623 demittere
1334 591 1491 633 naves,

352 658 493 704 quam
519 657 639 703 quae
665 640 964 688 Dardanium
990 643 1128 689 tellus
1155 642 1271 689 mihi
1299 655 1451 688 servat
1475 642 1698 701 Acesten,
1735 666 1777 698 30

352 720 399 754 et
423 707 568 769 patris
593 706 832 753 Anchisae
858 708 1035 768 gremio
1061 708 1398 771 complectitur
1422 725 1520 754 ossa
1536 708 1576 754 ?’

350 775 466 820 haec
494 773 573 819 ubi
599 773 742 831 dicta,
769 786 943 836 petunt
966 788 1143 837 portus,
1172 788 1218 821 et
1243 775 1346 821 vela
1372 774 1566 821 secundi

350 840 614 886 intendunt
640 840 887 902 Zephyri3
924 840 1073 888 fertur
1099 842 1191 889 cita
1216 841 1398 902 gurgite
1424 841 1594 899 classis,

352 918 399 952 et
426 907 619 952 tandem
645 906 756 953 laeti
785 920 925 953 notae
951 908 1262 955 advertuntur
1286 909 1506 954 harenae.

417 986 464 1019 at
487 973 653 1035 procul
682 973 868 1020 excelso
894 973 1087 1021 miratus
1113 974 1290 1021 vertice
1317 974 1491 1020 montis

351 1040 610 1086 adventum
635 1039 877 1102 sociasque
904 1053 1023 1087 rates
1050 1041 1256 1088 occurrit
1280 1042 1491 1098 Acestes,

349 1106 567 1152 horridus
594 1105 642 1151 in
669 1105 835 1152 iaculis
862 1119 909 1152 et
932 1108 1057 1169 pelle
1084 1107 1342 1170 Libystidis
1369 1124 1531 1162 ursae;

350 1172 499 1218 Tro'1'a
527 1171 734 1219 Crimiso
760 1186 1047 1235 conceptum
1074 1173 1272 1221 flumine
1297 1187 1446 1220 mater

350 1256 492 1302 quem
517 1239 697 1300 genuit.
768 1251 984 1286 veterum
1011 1257 1107 1286 non
1134 1240 1369 1286 inmemor
1395 1240 1475 1286 ille
1500 1252 1753 1302 parentum

349 1319 557 1366 gratatur
584 1306 779 1352 reduces
807 1318 853 1351 et
878 1323 987 1366 gaza
1013 1307 1162 1353 laetus
1188 1307 1355 1367 agresti
1736 1329 1779 1360 40

351 1372 544 1434 excipit,
573 1389 624 1418 ac
652 1372 794 1418 fessos
820 1372 987 1434 opibus
1014 1373 1189 1418 solatur
1215 1372 1393 1419 amicis.

415 1451 600 1500 postera
627 1455 735 1485 cum
761 1438 914 1501 primo
940 1439 1095 1485 stellas
1121 1438 1305 1485 oriente
1331 1439 1512 1499 fugarat

351 1505 474 1551 clara
500 1505 615 1562 dies,
644 1505 792 1551 socios
819 1505 869 1551 in
897 1518 1088 1552 coetum
1114 1505 1253 1551 litore
1279 1505 1336 1551 ab
1363 1504 1494 1551 omni

351 1572 549 1618 advocat
574 1573 774 1629 Aeneas,
804 1572 1072 1634 tumulique
1100 1589 1155 1618 ex
1183 1588 1347 1632 aggere
1373 1571 1527 1619 fatur:

319 1642 332 1662 ‘
350 1638 654 1685 Dardanidae
681 1638 855 1699 magni,
881 1655 1028 1699 genus
1055 1639 1151 1684 alto
1177 1656 1201 1684 a
1228 1637 1455 1699 sanguine
1481 1637 1656 1695 divom,

352 1721 534 1750 annuus
563 1705 738 1751 exactis
765 1706 1033 1766 completur
1058 1704 1299 1751 mensibus
1325 1704 1464 1762 orbis,

352 1787 408 1816 ex
435 1788 528 1833 quo
554 1771 774 1833 reliquias
801 1771 1049 1833 divinique
1074 1788 1173 1817 ossa
1198 1770 1407 1833 parentis

351 1837 650 1884 condidimus
680 1850 815 1895 terra,
842 1851 1135 1900 maestasque
1162 1837 1443 1884 sacravimus
1469 1854 1582 1884 aras·

351 1904 538 1966 iamque
564 1904 679 1961 dies,
708 1903 796 1949 nisi
824 1904 976 1961 fallor,
1004 1904 1149 1961 adest,
1172 1920 1313 1967 quem
1334 1920 1518 1966 semper
1537 1903 1776 1961 acerbum,

351 1987 534 2032 semper
559 1972 860 2028 honoratum,
888 1970 952 2016 sic
980 1969 1026 2015 di
1054 1970 1282 2027 voluistis,
1310 1969 1511 2016 habebo·
1737 1992 1780 2023 50

349 2038 477 2082 hunc
506 2053 590 2097 ego
618 2036 835 2082 Gaetulis
863 2053 1048 2097 agerem
1075 2036 1109 2082 si
1139 2036 1351 2098 Syrtibus
1378 2035 1524 2094 exsul,

348 2103 630 2163 Argolicove
656 2102 772 2148 mari
800 2103 1074 2164 deprensus,
1103 2116 1149 2149 et
1177 2103 1289 2148 urbe
1318 2104 1574 2165 Mycenae,

350 2186 506 2215 annua
532 2183 640 2215 vota
668 2183 827 2216 tamen
854 2170 1202 2232 sollemnesque
1229 2169 1396 2215 ordine
1420 2186 1615 2232 pompas

351 2252 644 2298 exsequerer,
672 2250 997 2311 strueremque
1025 2236 1116 2283 suis
1144 2235 1307 2282 altaria
1333 2236 1486 2282 donis.

351 2319 479 2348 nunc
507 2303 630 2348 ultro
656 2303 713 2348 ad
740 2303 922 2349 cineres
949 2303 1092 2365 ipsius
1120 2315 1167 2349 et
1191 2320 1290 2348 ossa
1315 2301 1539 2364 parentis,

350 2369 477 2414 haud
503 2368 725 2430 equidem
751 2369 852 2415 sine
878 2382 1040 2415 mente
1066 2385 1185 2426 reor,
1212 2368 1313 2414 sine
1339 2367 1537 2414 numine
1563 2367 1740 2426 divom,

332 2434 585 2492 ⁸adsumus,
613 2448 659 2480 et
684 2449 846 2496 portus
873 2435 1017 2481 delati
1044 2406 1274 2480 intrainus
1301 2433 1491 2481 amicos.

353 2517 460 2561 ergo
485 2500 624 2561 agite,
652 2513 699 2546 et
724 2501 901 2547 laetum
928 2500 1090 2547 cuncti
1118 2501 1410 2547 celebremus
1436 2502 1700 2557 honorem3

349 2583 596 2629 poscamus
621 2578 803 2625 ventOS,
831 2580 972 2628 atque
997 2568 1115 2613 haec
1142 2583 1217 2612 me
1244 2583 1371 2613 sacra
1397 2566 1651 2629 quotannis

350 2634 465 2680 urbe
490 2633 606 2679 velit
631 2632 782 2695 posita
809 2632 997 2694 templis
1025 2632 1111 2679 sibi
1139 2633 1262 2679 ferre
1287 2632 1472 2681 dicatis.
1733 2647 1776 2679 60

349 2699 462 2746 bina
488 2700 632 2746 boum
657 2698 789 2746 vobis
817 2698 967 2745 Troia
993 2712 1241 2760 generatus
1266 2700 1461 2747 Acestes

744 2785 788 2826 35
820 2789 864 2813 ex
886 2778 995 2815 celso.
1056 2786 1103 2826 52
1135 2775 1323 2826 MyceniS.
