1861 3256
572 266 847 305 AENEIDos
878 266 1076 305 LIB.1V
1502 278 1575 318 ¹77

142 391 269 422 sacra
296 374 399 421 Iovi
426 373 601 437 Stygio,
629 390 749 436 quae
775 373 864 420 rite
891 373 1082 450 incepta
1107 373 1282 437 paravi,

140 441 367 503 perficere
395 454 461 488 est
486 440 686 498 animus,
713 440 992 516 finemque
981 458 1213 517 inponere
1238 440 1377 498 curis,

140 507 469 570 Dardaniique
494 524 659 568 rogum
686 507 851 569 capitis
875 508 1149 570 permittere
1175 505 1428 553 flammae?
1515 521 1579 561 640

142 574 207 620 sic
234 574 314 622 ait.
386 574 469 620 illa
494 574 690 635 gradum
716 573 872 620 studio
898 574 1137 621 celerabat
1164 573 1297 621 anili.

142 653 188 687 at
213 641 398 703 trepida
424 654 470 688 et
495 641 673 703 coeptis
698 640 968 687 inmanibus
995 641 1138 687 effera
1161 641 1306 698 Dido,

143 708 448 768 sanguineam
473 708 670 754 volvens
695 707 861 766 aciem,
889 708 1182 770 maculisque
1208 720 1466 754 trementes

142 774 370 820 interfusa
395 791 552 835 genas,
581 788 628 822 et
650 775 830 837 pallida
857 788 1010 821 morte
1036 774 1208 832 futura,

141 840 368 887 interiora
394 842 560 888 domus
585 841 816 903 inrumpit
842 840 1023 899 limina,
1053 853 1099 887 et
1125 842 1243 887 altos

143 908 424 954 conscendit
449 908 706 954 furibunda
732 925 880 969 rogos,
910 924 1166 971 ensemque
1190 908 1397 955 recludit

141 974 455 1033 Dardanium,
482 992 580 1021 non
606 976 690 1021 hos
714 975 979 1038 quaesitum
1005 991 1178 1021 munus
1204 974 1254 1021 in
1280 991 1402 1023 usus·

140 1041 220 1087 hic
246 1055 496 1104 postquam
522 1041 690 1088 Iliacas
715 1056 866 1088 vestes
894 1055 1158 1105 notumque
1183 1041 1342 1088 cubile

142 1108 405 1170 conspexit,
430 1109 627 1171 paulum
653 1108 858 1155 lacrimis
887 1121 934 1156 et
960 1121 1121 1155 mente
1147 1120 1342 1165 morata,

141 1174 455 1238 incubuitque
482 1189 598 1233 τοι-ο,
625 1175 842 1239 dixitque
869 1175 1120 1222 novissima
1145 1175 1318 1222 verba:
1519 1188 1582 1227 650

141 1241 304 1288 dulces
331 1242 540 1300 exuviae,
568 1243 683 1306 dum
709 1242 806 1289 fata
832 1242 1041 1306 deusque
1066 1241 1266 1300 sinebat,

142 1308 342 1371 accipite
367 1310 491 1356 hanc
519 1309 742 1368 animam,
770 1326 942 1373 meque
968 1308 1040 1356 his
1067 1308 1296 1355 exsolvite
1322 1309 1464 1356 curis.

140 1375 255 1433 vixi,
283 1388 343 1434 et,
369 1393 512 1439 quem
538 1376 734 1423 dederat
759 1392 948 1423 cursum
975 1376 1183 1434 fortuna,
1207 1375 1402 1439 peregi3

143 1454 190 1488 et
215 1459 344 1489 nunc
371 1459 540 1503 magna
567 1442 661 1489 mei
688 1444 771 1490 sub
799 1456 941 1490 terras
968 1443 1058 1490 ibit
1082 1443 1253 1503 imago,

144 1509 310 1556 urbem
337 1510 629 1571 praeclaram
655 1509 828 1566 statui3
865 1527 971 1556 mea
997 1509 1187 1556 moenia
1211 1507 1342 1565 vidi3

143 1575 242 1621 ulta
266 1575 436 1633 virum,
462 1593 638 1638 poenas
664 1575 862 1623 inimico
888 1594 912 1623 a
938 1576 1082 1623 fratre
1106 1575 1296 1638 recepi:

143 1642 277 1699 felix,
302 1643 396 1688 heu
424 1642 625 1688 nimium
652 1642 785 1701 felix,
813 1643 848 1690 si
876 1642 1013 1690 litora
1039 1655 1224 1688 tantum

143 1725 404 1771 numquam
430 1708 704 1755 Dardaniae
731 1709 997 1770 tetigissent
1022 1722 1179 1755 nostra
1205 1707 1393 1755 carInae
1411 1707 1447 1756 l'

142 1775 293 1821 dixit:
331 1788 378 1821 et
402 1792 451 1821 os
478 1775 685 1837 inpressa
713 1789 832 1834 toro,
864 1776 1152 1822 ‘moriemur
1176 1775 1375 1834 inultae,

142 1842 223 1888 sed
242 1841 530 1900 moriamur,'
553 1841 631 1890 ait.
706 1847 718 1867 ‘
734 1843 815 1901 sic,
839 1842 903 1890 sic
925 1842 1056 1890 iuvat
1081 1843 1148 1890 ire
1168 1843 1253 1890 sub
1275 1843 1479 1890 umbras·
1517 1858 1583 1890 660

141 1908 326 1956 hauriat
350 1910 480 1956 hunc
507 1908 655 1956 oculis
682 1909 843 1971 ignem
873 1910 1078 1957 crudelis
1105 1910 1162 1956 ab
1189 1910 1286 1956 alto

141 1975 409 2034 Dardanus,
439 1990 485 2023 et
509 1980 702 2024 nostrae
720 1994 878 2024 secum
906 1977 1028 2024 ferat
1052 1976 1212 2024 omina
1237 1976 1433 2023 mortis.'

208 2043 421 2100 dixerat3
457 2056 597 2108 atque
623 2044 756 2091 illam
783 2043 940 2091 media
965 2044 1090 2091 inter
1115 2043 1226 2091 talia
1250 2043 1376 2091 ferro

142 2110 399 2172 collapsam
425 2110 660 2173 aspiciunt
686 2112 900 2170 comites,
928 2127 1186 2175 ensemque
1212 2127 1377 2157 cruore

142 2190 460 2239 spumantem,
487 2195 757 2242 sparsasque
784 2194 966 2225 manus.
1038 2176 1076 2225 it
1101 2177 1278 2224 clamor
1303 2177 1362 2223 ad
1387 2177 1483 2224 alta

142 2244 287 2301 atria3
324 2261 600 2292 concussam
627 2245 888 2292 bacchatur
917 2245 1041 2291 fama
1066 2261 1151 2307 per
1177 2245 1359 2291 urbem.

142 2310 358 2358 lamentis
383 2311 659 2375 gemituque
686 2325 732 2358 et
757 2311 969 2358 femineo
994 2312 1179 2359 ululatu

143 2389 268 2423 tecta
292 2378 534 2433 fremunt3
569 2392 758 2426 resonat
763 2378 964 2454 magnis
989 2378 1297 2442 plangoribus
1322 2380 1502 2427 aether.

143 2460 239 2489 non
265 2444 400 2491 aliter
425 2463 567 2508 quam
593 2446 627 2492 si
654 2445 857 2492 inmissis
883 2459 988 2492 ruat
1013 2446 1227 2493 hostibus
1252 2445 1406 2492 omnis

144 2509 397 2571 Carthago,
419 2525 499 2559 aut
520 2513 714 2576 antiqua
736 2513 907 2575 Tyros,
928 2512 1245 2576 flammaeque
1265 2513 1479 2560 furentes
1515 2527 1579 2567 670

144 2575 355 2622 culmina
378 2595 554 2654 perque
579 2579 833 2626 hominum
858 2579 1114 2626 volvantur
1137 2596 1319 2642 perque
1344 2579 1557 2626 deorum.

143 2642 292 2688 audiit
318 2644 561 2703 exanimis,
588 2645 870 2709 trepidoque
897 2646 1119 2694 exterrita
1146 2663 1284 2693 cursu

143 2708 379 2770 unguibus
403 2727 480 2756 ora
506 2728 632 2757 soror
656 2712 852 2759 foedans
880 2724 927 2759 et
951 2725 1142 2774 pectora
1167 2711 1340 2775 pugnis

381 2786 452 2836 641
486 2787 704 2827 celebrabat.
762 2788 917 2830 anilem.
975 2788 1048 2839 651
1081 2789 1267 2827 sinebant.

818 2862 849 2890 N
