1861 3256
532 268 864 306 GEORGICON
896 268 998 305 LIB.
1028 267 1048 304 I

99 379 403 443 praedarique
430 379 563 439 lupos
587 377 719 423 iussit
743 390 1041 452 pontumque
1068 376 1263 434 moveri,

101 448 338 510 mellaque
364 445 567 492 decussit
592 444 732 501 foliis,
760 444 1015 507 ignemque
1042 444 1258 501 removit,

101 528 147 562 et
173 514 339 577 passim
365 513 472 558 rivis
499 511 737 558 currentia
761 510 870 557 vina
895 511 1127 573 repressit,

101 596 154 628 ut
179 581 324 627 varias
351 597 457 626 usus
483 578 758 625 meditando
785 579 1068 624 extunderet
1095 592 1212 625 artes

99 648 343 711 paulatim,
371 661 418 693 et
443 646 583 692 sulcis
610 645 838 691 frumenti
865 660 1112 708 quaereret
1131 646 1342 703 herbam,

102 729 153 762 ut
180 715 321 761 silicis
346 714 478 761 venis
504 714 767 759 abstrusum
794 713 1050 759 excuderet
1076 713 1252 774 ignem.

102 797 216 830 tunc
243 784 371 828 alnos
396 781 604 843 primum
629 779 761 827 fluvii
788 796 972 826 sensere
999 794 1178 826 cavatas
1202 801 1215 836 3

102 850 259 896 navita
283 863 386 895 tum
413 848 559 895 stellis
586 864 806 894 numeros
833 860 880 893 et
906 846 1101 892 nomina
1126 847 1255 904 fecit,

104 917 330 972 Pleiadas,
360 916 569 978 Hyadas,
596 915 865 978 claramque
892 914 1126 975 Lycaonis
1151 916 1335 961 Arcton
1358 935 1372 971 ;

102 997 203 1030 tum
231 983 408 1046 laqueis
435 996 622 1044 captare
650 983 767 1028 feras
794 995 841 1028 et
868 981 1032 1027 fallere
1060 981 1186 1027 visco

101 1051 372 1107 inventum,
397 1063 443 1096 et
470 1066 662 1110 magnos
690 1049 886 1096 canibus
914 1049 1207 1095 circumdare
1233 1049 1374 1095 saltus
1397 1068 1410 1105 ;

102 1132 240 1181 atque
267 1117 382 1164 alius
409 1118 558 1163 latum
584 1117 730 1163 funda
756 1117 849 1162 iam
875 1116 1090 1162 verberat
1116 1132 1305 1161 amnem

100 1186 192 1231 alta
216 1198 400 1247 petens,
425 1185 685 1247 pelagoque
713 1183 828 1230 alius
856 1183 997 1230 trahit
1023 1183 1182 1229 umida
1207 1182 1304 1228 lina
1326 1203 1339 1238 3

102 1266 205 1299 tum
231 1252 342 1298 ferri
368 1252 492 1313 rigor
519 1266 658 1315 atque
686 1266 872 1311 argutae
901 1251 1076 1297 lamina
1101 1267 1322 1296 serrae-—

102 1337 210 1366 nam
236 1319 376 1381 primi
403 1319 567 1365 cuneis
594 1319 875 1365 scindebant
901 1318 1039 1363 fissile
1066 1317 1319 1379 lignum——

102 1401 205 1433 tum
230 1387 383 1433 variae
409 1403 582 1433 venere
610 1400 745 1432 artes.
819 1386 946 1431 labor
972 1385 1130 1431 omnia
1156 1384 1273 1430 vicit

102 1455 344 1516 inprobus,
371 1466 418 1499 et
443 1454 571 1499 duris
598 1470 802 1514 urguens
828 1453 876 1498 in
904 1453 1040 1498 rebus
1068 1465 1258 1512 egestas.

102 1521 253 1583 prima
280 1521 423 1567 Ceres
450 1521 572 1566 ferro
599 1521 818 1566 mortales
844 1533 1022 1566 vertere
1048 1534 1218 1565 terram

101 1588 325 1644 instituit,
353 1604 462 1633 cum
489 1587 582 1633 iam
609 1587 801 1647 glandes
827 1600 966 1649 atque
993 1586 1155 1632 arbuta
1180 1602 1333 1631 sacrae

102 1655 362 1701 deficerent
388 1655 529 1700 silvae
557 1667 603 1700 et
630 1653 812 1699 victum
835 1653 1044 1699 -Dodona
1068 1666 1273 1712 negaret.

103 1740 212 1769 mox
240 1735 285 1768 et
311 1721 559 1767 frumentis
587 1721 718 1766 labor
744 1720 941 1777 additus,
970 1732 1021 1766 ut
1046 1720 1168 1765 mala
1193 1719 1374 1766 culmos

104 1803 223 1836 esset
248 1789 427 1849 robigo,
454 1788 704 1851 segnisque
731 1789 946 1833 horreret
971 1787 1021 1832 in
1048 1786 1166 1832 arvis

105 1857 302 1903 carduus
328 1875 338 1903 :
375 1856 620 1902 intereunt
648 1869 844 1916 segeteS,
871 1854 995 1901 subit
1021 1871 1178 1916 aspera
1203 1854 1330 1910 silva,

103 1925 360 1988 lappaeque
387 1923 658 1986 tribolique,
685 1923 905 1985 interque
932 1921 1134 1968 nitentia
1160 1922 1287 1967 culta

103 1992 273 2037 infelix
299 1991 467 2037 lolium
493 2004 537 2036 et
564 1990 745 2036 steriles
774 1989 1078 2036 dominantur
1104 2006 1296 2035 avenae.

103 2059 229 2122 quod
254 2058 344 2104 nisi
370 2072 417 2105 et
441 2058 641 2104 adsiduis
669 2058 865 2104 herbam
892 2056 1186 2103 insectabere
1211 2055 1380 2112 rastris,

104 2140 150 2172 et
176 2126 331 2172 sonitu
358 2126 550 2172 terrebis
579 2143 699 2182 aves,
731 2140 777 2171 et
802 2125 919 2172 ruris
944 2124 1078 2186 opaci

104 2194 227 2240 falce
253 2210 436 2255 premes
460 2194 661 2249 umbras,
691 2192 906 2255 votisque
932 2191 1172 2237 vocaveris
1196 2190 1414 2246 imbrem,

104 2262 197 2306 heu
224 2277 448 2321 magnum
474 2260 661 2307 alterius
688 2274 856 2306 trustra
884 2258 1116 2322 spectabis
1141 2274 1376 2312 acervum,

106 2344 422 2392 concussaque
449 2329 625 2375 famem
652 2328 701 2374 in
730 2327 855 2373 silvis
883 2326 1093 2373 solabere
1120 2342 1314 2389 quercu.

173 2395 431 2442 dicendum
457 2410 517 2454 et,
545 2413 664 2459 quae
692 2395 784 2441 sint
811 2394 938 2441 duris
964 2393 1218 2455 agrestibus
1244 2409 1389 2449 arma,

107 2478 208 2523 quls
233 2480 332 2509 sme
359 2481 448 2510 nec
474 2477 670 2525 potuere
697 2463 786 2509 seri
814 2479 903 2509 nec
932 2478 1116 2522 surgere
1143 2477 1312 2506 messes
1337 2479 1348 2507 :

107 2529 254 2574 vomis
280 2544 326 2576 et
350 2530 516 2576 inflexi
541 2531 751 2593 primum
778 2547 918 2592 grave
946 2530 1087 2575 robur
1113 2527 1251 2574 aratri

110 2595 334 2657 tardaque
359 2598 611 2644 Eleusinae
639 2597 797 2644 matris
824 2596 1067 2643 volventia
1092 2596 1315 2657 plaustra,

109 2661 376 2724 tribulaque
402 2666 700 2728 traheaeque,
729 2679 774 2712 et
800 2665 967 2728 iniquo
993 2664 1208 2726 pondere
1233 2660 1398 2708 rastri·
1387 2697 1400 2716 ,

109 2727 263 2789 virgea
287 2743 526 2790 praeterea
553 2732 690 2777 Cele‘i'
716 2732 916 2794 vilisque
945 2731 1177 2792 supellex,

462 2817 533 2857 155
565 2815 718 2846 terram.
834 2819 906 2857 157
937 2808 1126 2845 umbram.

1488 277 1533 315 31

1479 401 1540 431 130

1481 1072 1543 1102 140

1484 1743 1546 1773 150

1484 2406 1545 2436 160
