<?xml version="1.0" encoding="UTF-8"?>
<!DOCTYPE html PUBLIC "-//W3C//DTD XHTML 1.0 Transitional//EN"
    "http://www.w3.org/TR/xhtml1/DTD/xhtml1-transitional.dtd">
<html xmlns="http://www.w3.org/1999/xhtml" xml:lang="en" lang="en">
 <head>
  <title>
</title>
<meta http-equiv="Content-Type" content="text/html;charset=utf-8" />
  <meta name='ocr-system' content='tesseract 3.04.00' />
  <meta name='ocr-capabilities' content='ocr_page ocr_carea ocr_par ocr_line ocrx_word'/>
</head>
<body>
  <div class='ocr_page' id='page_1' title='image "./operabucolicageo00virguoft_0390.png"; bbox 0 0 1866 3208; ppageno 0'>
   <div class='ocr_carea' id='block_1_1' title="bbox 268 225 1304 280">
    <p class='ocr_par' dir='ltr' id='par_1_1' title="bbox 268 225 1304 280">
     <span class='ocr_line' id='line_1_1' title="bbox 268 225 1304 280; baseline -0.003 -13"><span class='ocrx_word' id='word_1_1' title='bbox 268 240 287 280; x_wconf 87' lang='lat'>3</span> <span class='ocrx_word' id='word_1_2' title='bbox 295 229 342 280; x_wconf 85' lang='lat'>56</span> <span class='ocrx_word' id='word_1_3' title='bbox 713 225 1019 265; x_wconf 81' lang='lat' dir='ltr'>P.vERG11.1</span> <span class='ocrx_word' id='word_1_4' title='bbox 1048 227 1304 265; x_wconf 78' lang='lat' dir='ltr'>MARoms</span> 
     </span>
    </p>
   </div>
   <div class='ocr_carea' id='block_1_2' title="bbox 292 331 1753 2720">
    <p class='ocr_par' dir='ltr' id='par_1_2' title="bbox 332 331 1686 398">
     <span class='ocr_line' id='line_1_2' title="bbox 332 331 1686 398; baseline -0.001 -17"><span class='ocrx_word' id='word_1_5' title='bbox 332 351 426 398; x_wconf 95' lang='lat' dir='ltr'>quo</span> <span class='ocrx_word' id='word_1_6' title='bbox 451 350 520 380; x_wconf 88' lang='lat' dir='ltr'>res</span> <span class='ocrx_word' id='word_1_7' title='bbox 547 348 752 394; x_wconf 89' lang='lat' dir='ltr'>cumque</span> <span class='ocrx_word' id='word_1_8' title='bbox 778 332 980 388; x_wconf 90' lang='lat' dir='ltr'>cadent;</span> <span class='ocrx_word' id='word_1_9' title='bbox 1017 348 1103 378; x_wconf 92' lang='lat' dir='ltr'>nec</span> <span class='ocrx_word' id='word_1_10' title='bbox 1129 348 1204 379; x_wconf 92' lang='lat' dir='ltr'>me</span> <span class='ocrx_word' id='word_1_11' title='bbox 1228 331 1295 377; x_wconf 87' lang='lat' dir='ltr'>vis</span> <span class='ocrx_word' id='word_1_12' title='bbox 1322 331 1419 378; x_wconf 90' lang='lat' dir='ltr'>ulla</span> <span class='ocrx_word' id='word_1_13' title='bbox 1442 331 1686 379; x_wconf 91' lang='lat' dir='ltr'>volentem</span> 
     </span>
    </p>

    <p class='ocr_par' dir='ltr' id='par_1_3' title="bbox 332 397 1478 457">
     <span class='ocr_line' id='line_1_3' title="bbox 332 397 1478 457; baseline -0.004 -9"><span class='ocrx_word' id='word_1_14' title='bbox 332 413 525 457; x_wconf 89' lang='lat' dir='ltr'>avertet,</span> <span class='ocrx_word' id='word_1_15' title='bbox 552 416 667 454; x_wconf 93' lang='lat' dir='ltr'>non,</span> <span class='ocrx_word' id='word_1_16' title='bbox 692 398 726 443; x_wconf 91' lang='lat' dir='ltr'>si</span> <span class='ocrx_word' id='word_1_17' title='bbox 755 398 974 444; x_wconf 88' lang='lat' dir='ltr'>tellurem</span> <span class='ocrx_word' id='word_1_18' title='bbox 1001 397 1249 445; x_wconf 88' lang='lat' dir='ltr'>effundat</span> <span class='ocrx_word' id='word_1_19' title='bbox 1237 415 1287 443; x_wconf 86' lang='lat'>111</span> <span class='ocrx_word' id='word_1_20' title='bbox 1313 398 1478 455; x_wconf 86' lang='lat' dir='ltr'>undas,</span> 
     </span>
    </p>

    <p class='ocr_par' dir='ltr' id='par_1_4' title="bbox 331 464 1558 527">
     <span class='ocr_line' id='line_1_4' title="bbox 331 464 1558 527; baseline -0.002 -14"><span class='ocrx_word' id='word_1_21' title='bbox 331 466 511 513; x_wconf 90' lang='lat' dir='ltr'>diluvio</span> <span class='ocrx_word' id='word_1_22' title='bbox 537 465 753 519; x_wconf 89' lang='lat' dir='ltr'>miscens,</span> <span class='ocrx_word' id='word_1_23' title='bbox 781 464 1097 527; x_wconf 85' lang='lat' dir='ltr'>caelumque&#39;</span> <span class='ocrx_word' id='word_1_24' title='bbox 1085 482 1135 510; x_wconf 93' lang='lat' dir='ltr'>1n</span> <span class='ocrx_word' id='word_1_25' title='bbox 1161 465 1357 510; x_wconf 91' lang='lat' dir='ltr'>Tartara</span> <span class='ocrx_word' id='word_1_26' title='bbox 1381 464 1558 520; x_wconf 87' lang='lat' dir='ltr'>solvat,</span> <span class='ocrx_word' id='word_1_27' title='bbox 1547 485 1557 494; x_wconf 93' lang='lat'><strong>·</strong></span> 
     </span>
    </p>

    <p class='ocr_par' dir='ltr' id='par_1_5' title="bbox 332 529 1747 658">
     <span class='ocr_line' id='line_1_5' title="bbox 332 529 1747 594; baseline -0.001 -15"><span class='ocrx_word' id='word_1_28' title='bbox 332 546 383 579; x_wconf 96' lang='lat' dir='ltr'>ut</span> <span class='ocrx_word' id='word_1_29' title='bbox 442 544 679 594; x_wconf 87' lang='lat' dir='ltr'>sceptrum</span> <span class='ocrx_word' id='word_1_30' title='bbox 739 531 828 576; x_wconf 92' lang='lat' dir='ltr'>hoc</span> <span class='ocrx_word' id='word_1_31' title='bbox 845 529 1108 578; x_wconf 88' lang='lat' dir='ltr'>&#39;—dextra</span> <span class='ocrx_word' id='word_1_32' title='bbox 1163 543 1402 592; x_wconf 85' lang='lat' dir='ltr'><strong>sceptrum</strong></span> <span class='ocrx_word' id='word_1_33' title='bbox 1462 547 1569 576; x_wconf 93' lang='lat' dir='ltr'>nam</span> <span class='ocrx_word' id='word_1_34' title='bbox 1628 531 1747 577; x_wconf 91' lang='lat' dir='ltr'>forte</span> 
     </span>
     <span class='ocr_line' id='line_1_6' title="bbox 463 598 721 658; baseline -0.008 -15"><span class='ocrx_word' id='word_1_35' title='bbox 463 598 721 658; x_wconf 89' lang='lat' dir='ltr'>gerebat—</span> 
     </span>
    </p>

    <p class='ocr_par' dir='ltr' id='par_1_6' title="bbox 298 662 1752 1258">
     <span class='ocr_line' id='line_1_7' title="bbox 298 662 1660 726; baseline -0.001 -15"><span class='ocrx_word' id='word_1_36' title='bbox 298 672 310 692; x_wconf 88' lang='lat'>‘</span> <span class='ocrx_word' id='word_1_37' title='bbox 330 680 590 726; x_wconf 90' lang='lat' dir='ltr'><strong>numquam</strong></span> <span class='ocrx_word' id='word_1_38' title='bbox 617 664 785 709; x_wconf 91' lang='lat' dir='ltr'>fronde</span> <span class='ocrx_word' id='word_1_39' title='bbox 812 663 904 709; x_wconf 92' lang='lat' dir='ltr'>levi</span> <span class='ocrx_word' id='word_1_40' title='bbox 932 663 1098 710; x_wconf 91' lang='lat' dir='ltr'>fundet</span> <span class='ocrx_word' id='word_1_41' title='bbox 1125 664 1324 724; x_wconf 85' lang='lat' dir='ltr'>virgulta</span> <span class='ocrx_word' id='word_1_42' title='bbox 1349 679 1436 709; x_wconf 93' lang='lat' dir='ltr'>nec</span> <span class='ocrx_word' id='word_1_43' title='bbox 1463 662 1660 719; x_wconf 91' lang='lat' dir='ltr'>umbras,</span> 
     </span>
     <span class='ocr_line' id='line_1_8' title="bbox 329 729 1439 792; baseline -0.002 -15"><span class='ocrx_word' id='word_1_44' title='bbox 329 747 438 778; x_wconf 93' lang='lat' dir='ltr'>cum</span> <span class='ocrx_word' id='word_1_45' title='bbox 466 730 608 776; x_wconf 87' lang='lat' dir='ltr'>semel</span> <span class='ocrx_word' id='word_1_46' title='bbox 635 729 683 775; x_wconf 91' lang='lat' dir='ltr'>in</span> <span class='ocrx_word' id='word_1_47' title='bbox 711 729 836 775; x_wconf 87' lang='lat' dir='ltr'>silvis</span> <span class='ocrx_word' id='word_1_48' title='bbox 863 729 959 776; x_wconf 92' lang='lat' dir='ltr'>imo</span> <span class='ocrx_word' id='word_1_49' title='bbox 984 730 1043 776; x_wconf 94' lang='lat' dir='ltr'>de</span> <span class='ocrx_word' id='word_1_50' title='bbox 1069 730 1211 792; x_wconf 84' lang='lat' dir='ltr'>stirpe</span> <span class='ocrx_word' id='word_1_51' title='bbox 1236 729 1439 776; x_wconf 88' lang='lat' dir='ltr'>recisum</span> 
     </span>
     <span class='ocr_line' id='line_1_9' title="bbox 328 795 1578 859; baseline -0.003 -15"><span class='ocrx_word' id='word_1_52' title='bbox 328 811 476 844; x_wconf 91' lang='lat' dir='ltr'>matre</span> <span class='ocrx_word' id='word_1_53' title='bbox 503 809 628 843; x_wconf 88' lang='lat' dir='ltr'>caret</span> <span class='ocrx_word' id='word_1_54' title='bbox 653 795 904 859; x_wconf 86' lang='lat' dir='ltr'>posuitque</span> <span class='ocrx_word' id='word_1_55' title='bbox 931 812 1086 842; x_wconf 90' lang='lat' dir='ltr'>comas</span> <span class='ocrx_word' id='word_1_56' title='bbox 1112 809 1158 843; x_wconf 92' lang='lat' dir='ltr'>et</span> <span class='ocrx_word' id='word_1_57' title='bbox 1182 795 1401 842; x_wconf 90' lang='lat' dir='ltr'>bracchia</span> <span class='ocrx_word' id='word_1_58' title='bbox 1425 796 1578 852; x_wconf 89' lang='lat' dir='ltr'>ferro;</span> 
     </span>
     <span class='ocr_line' id='line_1_10' title="bbox 328 862 1752 919; baseline -0.003 -9"><span class='ocrx_word' id='word_1_59' title='bbox 328 864 443 910; x_wconf 91' lang='lat' dir='ltr'>olim</span> <span class='ocrx_word' id='word_1_60' title='bbox 469 864 617 919; x_wconf 91' lang='lat' dir='ltr'>arbos,</span> <span class='ocrx_word' id='word_1_61' title='bbox 643 879 771 909; x_wconf 90' lang='lat' dir='ltr'>nunc</span> <span class='ocrx_word' id='word_1_62' title='bbox 800 862 986 908; x_wconf 89' lang='lat' dir='ltr'>artificis</span> <span class='ocrx_word' id='word_1_63' title='bbox 1013 879 1176 909; x_wconf 90' lang='lat' dir='ltr'>manus</span> <span class='ocrx_word' id='word_1_64' title='bbox 1203 879 1303 908; x_wconf 90' lang='lat' dir='ltr'>aere</span> <span class='ocrx_word' id='word_1_65' title='bbox 1329 862 1501 907; x_wconf 92' lang='lat' dir='ltr'>decoro</span> <span class='ocrx_word' id='word_1_66' title='bbox 1691 885 1752 907; x_wconf 80' lang='lat'>210</span> 
     </span>
     <span class='ocr_line' id='line_1_11' title="bbox 327 927 1461 992; baseline -0.002 -16"><span class='ocrx_word' id='word_1_67' title='bbox 327 930 535 987; x_wconf 86' lang='lat' dir='ltr'>inclusit,</span> <span class='ocrx_word' id='word_1_68' title='bbox 562 929 867 992; x_wconf 89' lang='lat' dir='ltr'>patribusque</span> <span class='ocrx_word' id='word_1_69' title='bbox 893 928 1021 975; x_wconf 89' lang='lat' dir='ltr'>dedit</span> <span class='ocrx_word' id='word_1_70' title='bbox 1046 942 1222 990; x_wconf 85' lang='lat' dir='ltr'>gestare</span> <span class='ocrx_word' id='word_1_71' title='bbox 1248 927 1461 975; x_wconf 58' lang='lat' dir='ltr'>Latinis?</span> 
     </span>
     <span class='ocr_line' id='line_1_12' title="bbox 327 995 1362 1043; baseline -0.002 0"><span class='ocrx_word' id='word_1_72' title='bbox 327 997 497 1043; x_wconf 90' lang='lat' dir='ltr'>talibus</span> <span class='ocrx_word' id='word_1_73' title='bbox 523 996 646 1042; x_wconf 92' lang='lat' dir='ltr'>inter</span> <span class='ocrx_word' id='word_1_74' title='bbox 672 1013 716 1041; x_wconf 91' lang='lat' dir='ltr'>se</span> <span class='ocrx_word' id='word_1_75' title='bbox 744 995 989 1041; x_wconf 89' lang='lat' dir='ltr'>firmabant</span> <span class='ocrx_word' id='word_1_76' title='bbox 1015 996 1200 1042; x_wconf 89' lang='lat' dir='ltr'>foedera</span> <span class='ocrx_word' id='word_1_77' title='bbox 1225 995 1362 1041; x_wconf 93' lang='lat' dir='ltr'>dictis</span> 
     </span>
     <span class='ocr_line' id='line_1_13' title="bbox 327 1061 1642 1125; baseline -0.002 -16"><span class='ocrx_word' id='word_1_78' title='bbox 327 1075 583 1125; x_wconf 87' lang='lat' dir='ltr'>conspectu</span> <span class='ocrx_word' id='word_1_79' title='bbox 611 1063 660 1108; x_wconf 91' lang='lat' dir='ltr'>in</span> <span class='ocrx_word' id='word_1_80' title='bbox 686 1062 843 1108; x_wconf 92' lang='lat' dir='ltr'>medio</span> <span class='ocrx_word' id='word_1_81' title='bbox 869 1078 1133 1124; x_wconf 92' lang='lat' dir='ltr'>procerum.</span> <span class='ocrx_word' id='word_1_82' title='bbox 1205 1074 1306 1108; x_wconf 89' lang='lat' dir='ltr'>tum</span> <span class='ocrx_word' id='word_1_83' title='bbox 1332 1061 1421 1108; x_wconf 92' lang='lat' dir='ltr'>rite</span> <span class='ocrx_word' id='word_1_84' title='bbox 1447 1073 1642 1107; x_wconf 88' lang='lat' dir='ltr'>sacratas</span> 
     </span>
     <span class='ocr_line' id='line_1_14' title="bbox 326 1127 1543 1190; baseline -0.002 -15"><span class='ocrx_word' id='word_1_85' title='bbox 326 1130 375 1175; x_wconf 92' lang='lat' dir='ltr'>in</span> <span class='ocrx_word' id='word_1_86' title='bbox 402 1129 639 1175; x_wconf 88' lang='lat' dir='ltr'><strong>flammam</strong></span> <span class='ocrx_word' id='word_1_87' title='bbox 664 1128 881 1189; x_wconf 90' lang='lat' dir='ltr'>iugulant</span> <span class='ocrx_word' id='word_1_88' title='bbox 901 1128 1124 1190; x_wconf 80' lang='lat' dir='ltr'>pecudes,</span> <span class='ocrx_word' id='word_1_89' title='bbox 1150 1141 1197 1174; x_wconf 93' lang='lat' dir='ltr'>et</span> <span class='ocrx_word' id='word_1_90' title='bbox 1223 1128 1399 1174; x_wconf 91' lang='lat' dir='ltr'>viscera</span> <span class='ocrx_word' id='word_1_91' title='bbox 1424 1127 1543 1173; x_wconf 86' lang='lat' dir='ltr'>vivis</span> 
     </span>
     <span class='ocr_line' id='line_1_15' title="bbox 326 1195 1519 1258; baseline -0.002 -16"><span class='ocrx_word' id='word_1_92' title='bbox 326 1196 550 1258; x_wconf 89' lang='lat' dir='ltr'>eripiunt,</span> <span class='ocrx_word' id='word_1_93' title='bbox 575 1196 918 1257; x_wconf 89' lang='lat' dir='ltr'>cumulantque</span> <span class='ocrx_word' id='word_1_94' title='bbox 943 1195 1143 1241; x_wconf 90' lang='lat' dir='ltr'>oneratis</span> <span class='ocrx_word' id='word_1_95' title='bbox 1170 1195 1383 1241; x_wconf 86' lang='lat' dir='ltr'>lancibus</span> <span class='ocrx_word' id='word_1_96' title='bbox 1409 1211 1519 1240; x_wconf 88' lang='lat' dir='ltr'>aras.</span> 
     </span>
    </p>

    <p class='ocr_par' dir='ltr' id='par_1_7' title="bbox 322 1261 1753 2122">
     <span class='ocr_line' id='line_1_16' title="bbox 393 1261 1384 1323; baseline -0.002 -15"><span class='ocrx_word' id='word_1_97' title='bbox 393 1276 437 1309; x_wconf 94' lang='lat' dir='ltr'>at</span> <span class='ocrx_word' id='word_1_98' title='bbox 462 1279 572 1308; x_wconf 92' lang='lat' dir='ltr'>vero</span> <span class='ocrx_word' id='word_1_99' title='bbox 600 1261 792 1308; x_wconf 89' lang='lat' dir='ltr'>Rutulis</span> <span class='ocrx_word' id='word_1_100' title='bbox 819 1261 952 1323; x_wconf 90' lang='lat' dir='ltr'>inpar</span> <span class='ocrx_word' id='word_1_101' title='bbox 979 1278 1029 1308; x_wconf 89' lang='lat' dir='ltr'>ea</span> <span class='ocrx_word' id='word_1_102' title='bbox 1054 1277 1211 1323; x_wconf 89' lang='lat' dir='ltr'>pugna</span> <span class='ocrx_word' id='word_1_103' title='bbox 1237 1261 1384 1307; x_wconf 90' lang='lat' dir='ltr'>videri</span> 
     </span>
     <span class='ocr_line' id='line_1_17' title="bbox 325 1327 1468 1390; baseline -0.003 -14"><span class='ocrx_word' id='word_1_104' title='bbox 325 1329 621 1385; x_wconf 90' lang='lat' dir='ltr'>iamdudum,</span> <span class='ocrx_word' id='word_1_105' title='bbox 647 1342 693 1374; x_wconf 93' lang='lat' dir='ltr'>et</span> <span class='ocrx_word' id='word_1_106' title='bbox 719 1328 844 1374; x_wconf 90' lang='lat' dir='ltr'>vario</span> <span class='ocrx_word' id='word_1_107' title='bbox 871 1327 1056 1374; x_wconf 89' lang='lat' dir='ltr'>misceri</span> <span class='ocrx_word' id='word_1_108' title='bbox 1084 1340 1277 1390; x_wconf 92' lang='lat' dir='ltr'>pectora</span> <span class='ocrx_word' id='word_1_109' title='bbox 1302 1340 1468 1383; x_wconf 85' lang='lat' dir='ltr'>motu3</span> 
     </span>
     <span class='ocr_line' id='line_1_18' title="bbox 326 1391 1666 1456; baseline -0.002 -14"><span class='ocrx_word' id='word_1_110' title='bbox 326 1409 428 1442; x_wconf 93' lang='lat' dir='ltr'>tum</span> <span class='ocrx_word' id='word_1_111' title='bbox 455 1395 614 1456; x_wconf 88' lang='lat' dir='ltr'>magis,</span> <span class='ocrx_word' id='word_1_112' title='bbox 642 1408 694 1442; x_wconf 94' lang='lat' dir='ltr'>ut</span> <span class='ocrx_word' id='word_1_113' title='bbox 720 1394 910 1456; x_wconf 88' lang='lat' dir='ltr'>propius</span> <span class='ocrx_word' id='word_1_114' title='bbox 938 1407 1142 1440; x_wconf 89' lang='lat' dir='ltr'>cernunt</span> <span class='ocrx_word' id='word_1_115' title='bbox 1169 1411 1264 1440; x_wconf 91' lang='lat' dir='ltr'>non</span> <span class='ocrx_word' id='word_1_116' title='bbox 1290 1393 1466 1440; x_wconf 89' lang='lat' dir='ltr'>viribus</span> <span class='ocrx_word' id='word_1_117' title='bbox 1493 1391 1666 1455; x_wconf 79' lang='lat' dir='ltr'>aequis·</span> 
     </span>
     <span class='ocr_line' id='line_1_19' title="bbox 325 1461 1413 1523; baseline -0.002 -15"><span class='ocrx_word' id='word_1_118' title='bbox 325 1462 512 1509; x_wconf 92' lang='lat' dir='ltr'>adiuvat</span> <span class='ocrx_word' id='word_1_119' title='bbox 538 1463 720 1508; x_wconf 89' lang='lat' dir='ltr'>incessu</span> <span class='ocrx_word' id='word_1_120' title='bbox 750 1461 895 1508; x_wconf 89' lang='lat' dir='ltr'>tacito</span> <span class='ocrx_word' id='word_1_121' title='bbox 921 1477 1190 1523; x_wconf 86' lang='lat' dir='ltr'>progressus</span> <span class='ocrx_word' id='word_1_122' title='bbox 1218 1473 1264 1506; x_wconf 92' lang='lat' dir='ltr'>et</span> <span class='ocrx_word' id='word_1_123' title='bbox 1290 1477 1413 1506; x_wconf 91' lang='lat' dir='ltr'>aram</span> 
     </span>
     <span class='ocr_line' id='line_1_20' title="bbox 325 1527 1753 1591; baseline -0.003 -16"><span class='ocrx_word' id='word_1_124' title='bbox 325 1529 604 1591; x_wconf 90' lang='lat' dir='ltr'>suppliciter</span> <span class='ocrx_word' id='word_1_125' title='bbox 628 1545 855 1574; x_wconf 88' lang='lat' dir='ltr'>venerans</span> <span class='ocrx_word' id='word_1_126' title='bbox 883 1528 1086 1573; x_wconf 90' lang='lat' dir='ltr'>demisso</span> <span class='ocrx_word' id='word_1_127' title='bbox 1113 1527 1295 1573; x_wconf 92' lang='lat' dir='ltr'>lumine</span> <span class='ocrx_word' id='word_1_128' title='bbox 1323 1527 1533 1583; x_wconf 91' lang='lat' dir='ltr'>Turnus,</span> <span class='ocrx_word' id='word_1_129' title='bbox 1692 1549 1753 1571; x_wconf 86' lang='lat'>220</span> 
     </span>
     <span class='ocr_line' id='line_1_21' title="bbox 325 1593 1594 1658; baseline -0.003 -16"><span class='ocrx_word' id='word_1_130' title='bbox 325 1596 629 1658; x_wconf 89' lang='lat' dir='ltr'>tabentesque</span> <span class='ocrx_word' id='word_1_131' title='bbox 655 1612 799 1656; x_wconf 90' lang='lat' dir='ltr'>genae</span> <span class='ocrx_word' id='word_1_132' title='bbox 826 1608 872 1641; x_wconf 91' lang='lat' dir='ltr'>et</span> <span class='ocrx_word' id='word_1_133' title='bbox 899 1594 1106 1641; x_wconf 88' lang='lat' dir='ltr'>iuvenali</span> <span class='ocrx_word' id='word_1_134' title='bbox 1135 1594 1184 1639; x_wconf 90' lang='lat' dir='ltr'>in</span> <span class='ocrx_word' id='word_1_135' title='bbox 1211 1610 1404 1656; x_wconf 91' lang='lat' dir='ltr'>corpore</span> <span class='ocrx_word' id='word_1_136' title='bbox 1428 1593 1594 1655; x_wconf 87' lang='lat' dir='ltr'>pallor.</span> 
     </span>
     <span class='ocr_line' id='line_1_22' title="bbox 322 1658 1552 1724; baseline -0.002 -16"><span class='ocrx_word' id='word_1_137' title='bbox 322 1679 465 1724; x_wconf 90' lang='lat' dir='ltr'>quem</span> <span class='ocrx_word' id='word_1_138' title='bbox 493 1663 631 1708; x_wconf 89' lang='lat' dir='ltr'>simul</span> <span class='ocrx_word' id='word_1_139' title='bbox 660 1679 709 1708; x_wconf 91' lang='lat' dir='ltr'>ac</span> <span class='ocrx_word' id='word_1_140' title='bbox 738 1663 937 1708; x_wconf 91' lang='lat' dir='ltr'>Iuturna</span> <span class='ocrx_word' id='word_1_141' title='bbox 963 1678 1090 1707; x_wconf 84' lang='lat' dir='ltr'>soror</span> <span class='ocrx_word' id='word_1_142' title='bbox 1117 1661 1410 1707; x_wconf 89' lang='lat' dir='ltr'>crebrescere</span> <span class='ocrx_word' id='word_1_143' title='bbox 1435 1658 1552 1705; x_wconf 88' lang='lat' dir='ltr'>vidit</span> 
     </span>
     <span class='ocr_line' id='line_1_23' title="bbox 323 1727 1452 1787; baseline -0.003 -12"><span class='ocrx_word' id='word_1_144' title='bbox 323 1745 604 1784; x_wconf 91' lang='lat' dir='ltr'>sermonem,</span> <span class='ocrx_word' id='word_1_145' title='bbox 631 1741 678 1774; x_wconf 90' lang='lat' dir='ltr'>et</span> <span class='ocrx_word' id='word_1_146' title='bbox 704 1728 830 1787; x_wconf 87' lang='lat' dir='ltr'>vulgi</span> <span class='ocrx_word' id='word_1_147' title='bbox 857 1727 1034 1773; x_wconf 85' lang='lat' dir='ltr'>variare</span> <span class='ocrx_word' id='word_1_148' title='bbox 1062 1727 1267 1773; x_wconf 89' lang='lat' dir='ltr'>labantia</span> <span class='ocrx_word' id='word_1_149' title='bbox 1295 1727 1452 1782; x_wconf 90' lang='lat' dir='ltr'>corda,</span> 
     </span>
     <span class='ocr_line' id='line_1_24' title="bbox 322 1791 1588 1849; baseline -0.003 -8"><span class='ocrx_word' id='word_1_150' title='bbox 322 1795 372 1841; x_wconf 93' lang='lat' dir='ltr'>in</span> <span class='ocrx_word' id='word_1_151' title='bbox 398 1794 573 1841; x_wconf 90' lang='lat' dir='ltr'>medias</span> <span class='ocrx_word' id='word_1_152' title='bbox 600 1794 733 1849; x_wconf 89' lang='lat' dir='ltr'>acies,</span> <span class='ocrx_word' id='word_1_153' title='bbox 763 1795 960 1839; x_wconf 89' lang='lat' dir='ltr'>formam</span> <span class='ocrx_word' id='word_1_154' title='bbox 988 1793 1264 1839; x_wconf 88' lang='lat' dir='ltr'>adsimulata</span> <span class='ocrx_word' id='word_1_155' title='bbox 1291 1791 1520 1848; x_wconf 90' lang='lat' dir='ltr'>Camerti,</span> <span class='ocrx_word' id='word_1_156' title='bbox 1521 1819 1588 1826; x_wconf 92' lang='lat'><strong>—</strong></span> 
     </span>
     <span class='ocr_line' id='line_1_25' title="bbox 324 1859 1584 1933; baseline -0.003 -25"><span class='ocrx_word' id='word_1_157' title='bbox 324 1861 401 1908; x_wconf 90' lang='lat' dir='ltr'>cui</span> <span class='ocrx_word' id='word_1_158' title='bbox 426 1877 570 1922; x_wconf 88' lang='lat' dir='ltr'>genus</span> <span class='ocrx_word' id='word_1_159' title='bbox 597 1878 621 1906; x_wconf 92' lang='lat' dir='ltr'>a</span> <span class='ocrx_word' id='word_1_160' title='bbox 644 1859 828 1922; x_wconf 90' lang='lat' dir='ltr'>proavis</span> <span class='ocrx_word' id='word_1_161' title='bbox 855 1859 1037 1920; x_wconf 84' lang='lat' dir='ltr'>ingens,</span> <span class='ocrx_word' id='word_1_162' title='bbox 1065 1860 1338 1933; x_wconf 85' lang='lat' dir='ltr'>clarumque</span> <span class='ocrx_word' id='word_1_163' title='bbox 1363 1871 1584 1921; x_wconf 89' lang='lat' dir='ltr'>paternae</span> 
     </span>
     <span class='ocr_line' id='line_1_26' title="bbox 324 1925 1565 1988; baseline -0.003 -14"><span class='ocrx_word' id='word_1_164' title='bbox 324 1944 498 1974; x_wconf 90' lang='lat' dir='ltr'>nomen</span> <span class='ocrx_word' id='word_1_165' title='bbox 527 1941 623 1973; x_wconf 88' lang='lat' dir='ltr'>erat</span> <span class='ocrx_word' id='word_1_166' title='bbox 649 1926 851 1981; x_wconf 92' lang='lat' dir='ltr'>virtutis,</span> <span class='ocrx_word' id='word_1_167' title='bbox 882 1939 928 1972; x_wconf 90' lang='lat' dir='ltr'>et</span> <span class='ocrx_word' id='word_1_168' title='bbox 954 1926 1052 1988; x_wconf 90' lang='lat' dir='ltr'>ipse</span> <span class='ocrx_word' id='word_1_169' title='bbox 1082 1926 1332 1972; x_wconf 88' lang='lat' dir='ltr'>acerrimus</span> <span class='ocrx_word' id='word_1_170' title='bbox 1358 1925 1565 1971; x_wconf 89' lang='lat' dir='ltr'>armis—</span> 
     </span>
     <span class='ocr_line' id='line_1_27' title="bbox 323 1992 1501 2049; baseline -0.003 -9"><span class='ocrx_word' id='word_1_171' title='bbox 323 1995 371 2040; x_wconf 90' lang='lat' dir='ltr'>in</span> <span class='ocrx_word' id='word_1_172' title='bbox 398 1993 574 2040; x_wconf 91' lang='lat' dir='ltr'>medias</span> <span class='ocrx_word' id='word_1_173' title='bbox 601 1994 681 2039; x_wconf 93' lang='lat' dir='ltr'>dat</span> <span class='ocrx_word' id='word_1_174' title='bbox 708 2010 805 2039; x_wconf 85' lang='lat' dir='ltr'>sese</span> <span class='ocrx_word' id='word_1_175' title='bbox 834 1993 973 2049; x_wconf 89' lang='lat' dir='ltr'>acies,</span> <span class='ocrx_word' id='word_1_176' title='bbox 999 1993 1123 2038; x_wconf 91' lang='lat' dir='ltr'>haud</span> <span class='ocrx_word' id='word_1_177' title='bbox 1148 1992 1305 2038; x_wconf 90' lang='lat' dir='ltr'>nescia</span> <span class='ocrx_word' id='word_1_178' title='bbox 1329 2007 1501 2047; x_wconf 91' lang='lat' dir='ltr'>rerum,</span> 
     </span>
     <span class='ocr_line' id='line_1_28' title="bbox 323 2058 1348 2122; baseline -0.003 -15"><span class='ocrx_word' id='word_1_179' title='bbox 323 2077 626 2122; x_wconf 86' lang='lat' dir='ltr'>rumoresque</span> <span class='ocrx_word' id='word_1_180' title='bbox 653 2059 764 2106; x_wconf 88' lang='lat' dir='ltr'>serit</span> <span class='ocrx_word' id='word_1_181' title='bbox 791 2059 958 2115; x_wconf 90' lang='lat' dir='ltr'>varios,</span> <span class='ocrx_word' id='word_1_182' title='bbox 984 2075 1035 2105; x_wconf 94' lang='lat' dir='ltr'>ac</span> <span class='ocrx_word' id='word_1_183' title='bbox 1063 2058 1171 2105; x_wconf 91' lang='lat' dir='ltr'>talia</span> <span class='ocrx_word' id='word_1_184' title='bbox 1198 2059 1348 2104; x_wconf 87' lang='lat' dir='ltr'>fatur:</span> 
     </span>
    </p>

    <p class='ocr_par' dir='ltr' id='par_1_8' title="bbox 292 2125 1752 2388">
     <span class='ocr_line' id='line_1_29' title="bbox 292 2125 1566 2189; baseline -0.003 -16"><span class='ocrx_word' id='word_1_185' title='bbox 292 2134 304 2154; x_wconf 94' lang='lat'>‘</span> <span class='ocrx_word' id='word_1_186' title='bbox 324 2145 418 2173; x_wconf 92' lang='lat' dir='ltr'>non</span> <span class='ocrx_word' id='word_1_187' title='bbox 445 2127 609 2189; x_wconf 91' lang='lat' dir='ltr'>pudet,</span> <span class='ocrx_word' id='word_1_188' title='bbox 635 2144 662 2172; x_wconf 94' lang='lat' dir='ltr'>o</span> <span class='ocrx_word' id='word_1_189' title='bbox 691 2126 879 2182; x_wconf 91' lang='lat' dir='ltr'>Rutuli,</span> <span class='ocrx_word' id='word_1_190' title='bbox 905 2143 988 2187; x_wconf 90' lang='lat' dir='ltr'>pro</span> <span class='ocrx_word' id='word_1_191' title='bbox 1016 2125 1201 2172; x_wconf 91' lang='lat' dir='ltr'>cunctis</span> <span class='ocrx_word' id='word_1_192' title='bbox 1229 2125 1398 2171; x_wconf 89' lang='lat' dir='ltr'>talibus</span> <span class='ocrx_word' id='word_1_193' title='bbox 1425 2140 1566 2171; x_wconf 91' lang='lat' dir='ltr'>unam</span> 
     </span>
     <span class='ocr_line' id='line_1_30' title="bbox 323 2189 1752 2253; baseline -0.003 -13"><span class='ocrx_word' id='word_1_194' title='bbox 323 2193 558 2240; x_wconf 86' lang='lat' dir='ltr'>obiectare</span> <span class='ocrx_word' id='word_1_195' title='bbox 586 2193 825 2239; x_wconf 88' lang='lat' dir='ltr'>animam?</span> <span class='ocrx_word' id='word_1_196' title='bbox 863 2208 1127 2238; x_wconf 87' lang='lat' dir='ltr'>numerone</span> <span class='ocrx_word' id='word_1_197' title='bbox 1155 2209 1210 2237; x_wconf 91' lang='lat' dir='ltr'>an</span> <span class='ocrx_word' id='word_1_198' title='bbox 1237 2191 1412 2238; x_wconf 87' lang='lat' dir='ltr'>viribus</span> <span class='ocrx_word' id='word_1_199' title='bbox 1439 2189 1576 2253; x_wconf 92' lang='lat' dir='ltr'>aequi</span> <span class='ocrx_word' id='word_1_200' title='bbox 1690 2213 1752 2244; x_wconf 84' lang='lat'>230</span> 
     </span>
     <span class='ocr_line' id='line_1_31' title="bbox 323 2255 1720 2315; baseline -0.003 -9"><span class='ocrx_word' id='word_1_201' title='bbox 323 2277 419 2306; x_wconf 89' lang='lat' dir='ltr'>non</span> <span class='ocrx_word' id='word_1_202' title='bbox 446 2263 637 2306; x_wconf 86' lang='lat' dir='ltr'>sumus?</span> <span class='ocrx_word' id='word_1_203' title='bbox 676 2277 749 2315; x_wconf 91' lang='lat' dir='ltr'>en,</span> <span class='ocrx_word' id='word_1_204' title='bbox 778 2276 941 2305; x_wconf 91' lang='lat' dir='ltr'>omnes</span> <span class='ocrx_word' id='word_1_205' title='bbox 969 2273 1014 2304; x_wconf 89' lang='lat' dir='ltr'>et</span> <span class='ocrx_word' id='word_1_206' title='bbox 1041 2259 1191 2304; x_wconf 70' lang='lat' dir='ltr'>Troes</span> <span class='ocrx_word' id='word_1_207' title='bbox 1218 2271 1265 2304; x_wconf 91' lang='lat' dir='ltr'>et</span> <span class='ocrx_word' id='word_1_208' title='bbox 1289 2257 1493 2303; x_wconf 90' lang='lat' dir='ltr'>Arcades</span> <span class='ocrx_word' id='word_1_209' title='bbox 1518 2255 1568 2302; x_wconf 94' lang='lat' dir='ltr'>hi</span> <span class='ocrx_word' id='word_1_210' title='bbox 1595 2267 1720 2314; x_wconf 91' lang='lat' dir='ltr'>sunt,</span> 
     </span>
     <span class='ocr_line' id='line_1_32' title="bbox 323 2324 1426 2388; baseline -0.004 -16"><span class='ocrx_word' id='word_1_211' title='bbox 323 2326 580 2388; x_wconf 86' lang='lat' dir='ltr'>fatalesque</span> <span class='ocrx_word' id='word_1_212' title='bbox 609 2343 793 2382; x_wconf 89' lang='lat' dir='ltr'>manus,</span> <span class='ocrx_word' id='word_1_213' title='bbox 819 2325 1004 2371; x_wconf 91' lang='lat' dir='ltr'>infensa</span> <span class='ocrx_word' id='word_1_214' title='bbox 1031 2325 1215 2370; x_wconf 91' lang='lat' dir='ltr'>Etruria</span> <span class='ocrx_word' id='word_1_215' title='bbox 1241 2324 1426 2369; x_wconf 89' lang='lat' dir='ltr'>Turno.</span> 
     </span>
    </p>

    <p class='ocr_par' dir='ltr' id='par_1_9' title="bbox 323 2389 1589 2585">
     <span class='ocr_line' id='line_1_33' title="bbox 323 2389 1554 2451; baseline -0.003 -13"><span class='ocrx_word' id='word_1_216' title='bbox 323 2393 399 2438; x_wconf 84' lang='lat' dir='ltr'>vix</span> <span class='ocrx_word' id='word_1_217' title='bbox 425 2394 623 2447; x_wconf 86' lang='lat' dir='ltr'>hostem,</span> <span class='ocrx_word' id='word_1_218' title='bbox 653 2391 821 2437; x_wconf 90' lang='lat' dir='ltr'>alterni</span> <span class='ocrx_word' id='word_1_219' title='bbox 849 2391 883 2437; x_wconf 89' lang='lat' dir='ltr'>si</span> <span class='ocrx_word' id='word_1_220' title='bbox 912 2390 1287 2451; x_wconf 86' lang='lat' dir='ltr'>congrediamur,</span> <span class='ocrx_word' id='word_1_221' title='bbox 1314 2389 1554 2435; x_wconf 90' lang='lat' dir='ltr'>habemus.</span> 
     </span>
     <span class='ocr_line' id='line_1_34' title="bbox 324 2454 1589 2521; baseline -0.004 -16"><span class='ocrx_word' id='word_1_222' title='bbox 324 2460 405 2505; x_wconf 93' lang='lat' dir='ltr'>ille</span> <span class='ocrx_word' id='word_1_223' title='bbox 432 2458 625 2521; x_wconf 91' lang='lat' dir='ltr'>quidem</span> <span class='ocrx_word' id='word_1_224' title='bbox 653 2458 709 2503; x_wconf 91' lang='lat' dir='ltr'>ad</span> <span class='ocrx_word' id='word_1_225' title='bbox 736 2473 940 2518; x_wconf 85' lang='lat' dir='ltr'>superos,</span> <span class='ocrx_word' id='word_1_226' title='bbox 965 2472 1165 2518; x_wconf 91' lang='lat' dir='ltr'>quorum</span> <span class='ocrx_word' id='word_1_227' title='bbox 1192 2472 1237 2501; x_wconf 90' lang='lat' dir='ltr'>se</span> <span class='ocrx_word' id='word_1_228' title='bbox 1262 2455 1462 2502; x_wconf 87' lang='lat' dir='ltr'>devovet</span> <span class='ocrx_word' id='word_1_229' title='bbox 1487 2454 1589 2512; x_wconf 87' lang='lat' dir='ltr'>aris,</span> 
     </span>
     <span class='ocr_line' id='line_1_35' title="bbox 325 2522 1388 2585; baseline -0.005 -13"><span class='ocrx_word' id='word_1_230' title='bbox 325 2525 549 2572; x_wconf 91' lang='lat' dir='ltr'>succedet</span> <span class='ocrx_word' id='word_1_231' title='bbox 576 2525 698 2570; x_wconf 90' lang='lat' dir='ltr'>fama</span> <span class='ocrx_word' id='word_1_232' title='bbox 722 2523 947 2585; x_wconf 89' lang='lat' dir='ltr'>vivusque</span> <span class='ocrx_word' id='word_1_233' title='bbox 972 2538 1055 2584; x_wconf 91' lang='lat' dir='ltr'>per</span> <span class='ocrx_word' id='word_1_234' title='bbox 1080 2539 1157 2568; x_wconf 91' lang='lat' dir='ltr'>ora</span> <span class='ocrx_word' id='word_1_235' title='bbox 1182 2522 1387 2568; x_wconf 90' lang='lat' dir='ltr'>feretur</span> <span class='ocrx_word' id='word_1_236' title='bbox 1374 2542 1388 2578; x_wconf 84' lang='lat'>3</span> 
     </span>
    </p>

    <p class='ocr_par' dir='ltr' id='par_1_10' title="bbox 327 2588 1470 2720">
     <span class='ocr_line' id='line_1_36' title="bbox 327 2588 1470 2672; baseline -0.004 -34"><span class='ocrx_word' id='word_1_237' title='bbox 327 2610 426 2649; x_wconf 87' lang='lat' dir='ltr'>nos,</span> <span class='ocrx_word' id='word_1_238' title='bbox 455 2590 602 2654; x_wconf 90' lang='lat' dir='ltr'>patria</span> <span class='ocrx_word' id='word_1_239' title='bbox 628 2589 808 2646; x_wconf 89' lang='lat' dir='ltr'>amissa,</span> <span class='ocrx_word' id='word_1_240' title='bbox 834 2588 1036 2634; x_wconf 88' lang='lat' dir='ltr'>dominis</span> <span class='ocrx_word' id='word_1_241' title='bbox 1061 2604 1220 2650; x_wconf 92' lang='lat' dir='ltr'>parere</span> <span class='ocrx_word' id='word_1_242' title='bbox 1247 2588 1470 2672; x_wconf 83' lang='lat' dir='ltr'>superbis</span> 
     </span>
     <span class='ocr_line' id='line_1_37' title="bbox 327 2652 1470 2720; baseline -0.004 -15"><span class='ocrx_word' id='word_1_243' title='bbox 327 2675 567 2719; x_wconf 88' lang='lat' dir='ltr'>cogemur,</span> <span class='ocrx_word' id='word_1_244' title='bbox 592 2656 672 2720; x_wconf 91' lang='lat' dir='ltr'>qui</span> <span class='ocrx_word' id='word_1_245' title='bbox 701 2672 828 2703; x_wconf 91' lang='lat' dir='ltr'>nunc</span> <span class='ocrx_word' id='word_1_246' title='bbox 855 2654 971 2701; x_wconf 90' lang='lat' dir='ltr'>lenti</span> <span class='ocrx_word' id='word_1_247' title='bbox 1000 2653 1297 2701; x_wconf 87' lang='lat' dir='ltr'>consedimus</span> <span class='ocrx_word' id='word_1_248' title='bbox 1324 2652 1470 2701; x_wconf 65' lang='lat' dir='ltr'>arvis?</span> 
     </span>
    </p>
   </div>
   <div class='ocr_carea' id='block_1_3' title="bbox 822 2732 1190 2783">
    <p class='ocr_par' dir='ltr' id='par_1_11' title="bbox 822 2732 1190 2783">
     <span class='ocr_line' id='line_1_38' title="bbox 822 2732 1190 2783; baseline -0.006 -12"><span class='ocrx_word' id='word_1_249' title='bbox 822 2743 870 2771; x_wconf 87' lang='lat'>22</span> <span class='ocrx_word' id='word_1_250' title='bbox 879 2745 893 2770; x_wconf 90' lang='lat'>1</span> <span class='ocrx_word' id='word_1_251' title='bbox 929 2732 1190 2783; x_wconf 84' lang='lat' dir='ltr'>pubentesque.</span> 
     </span>
    </p>
   </div>
   <div class='ocr_carea' id='block_1_4' title="bbox 1842 1191 1866 3208">
    <p class='ocr_par' dir='ltr' id='par_1_12' title="bbox 1842 1191 1866 3208">
     <span class='ocr_line' id='line_1_39' title="bbox 1842 1191 1866 3208; baseline 0 0"><span class='ocrx_word' id='word_1_252' title='bbox 1842 1191 1866 3208; x_wconf 95' lang='lat' dir='ltr'> </span> 
     </span>
    </p>
   </div>
  </div>
 </body>
</html>
