<?xml version="1.0" encoding="UTF-8"?>
<!DOCTYPE html PUBLIC "-//W3C//DTD XHTML 1.0 Transitional//EN"
    "http://www.w3.org/TR/xhtml1/DTD/xhtml1-transitional.dtd">
<html xmlns="http://www.w3.org/1999/xhtml" xml:lang="en" lang="en">
 <head>
  <title>
</title>
<meta http-equiv="Content-Type" content="text/html;charset=utf-8" />
  <meta name='ocr-system' content='tesseract 3.04.00' />
  <meta name='ocr-capabilities' content='ocr_page ocr_carea ocr_par ocr_line ocrx_word'/>
</head>
<body>
  <div class='ocr_page' id='page_1' title='image "./operabucolicageo00virguoft_0034.png"; bbox 0 0 1861 3256; ppageno 0'>
   <div class='ocr_carea' id='block_1_1' title="bbox 720 269 1313 309">
    <p class='ocr_par' dir='ltr' id='par_1_1' title="bbox 720 269 1313 309">
     <span class='ocr_line' id='line_1_1' title="bbox 720 269 1313 309; baseline -0.003 -1"><span class='ocrx_word' id='word_1_1' title='bbox 720 272 763 309; x_wconf 90' lang='grc' dir='ltr'>Ρ.</span> <span class='ocrx_word' id='word_1_2' title='bbox 792 270 1024 308; x_wconf 87' lang='lat' dir='ltr'>VERGILI</span> <span class='ocrx_word' id='word_1_3' title='bbox 1055 269 1313 307; x_wconf 91' lang='lat' dir='ltr'>MARONIS</span> 
     </span>
    </p>
   </div>
   <div class='ocr_carea' id='block_1_2' title="bbox 338 374 1761 765">
    <p class='ocr_par' dir='ltr' id='par_1_2' title="bbox 338 374 1761 704">
     <span class='ocr_line' id='line_1_2' title="bbox 338 374 1745 440; baseline -0.004 -15"><span class='ocrx_word' id='word_1_4' title='bbox 338 394 414 425; x_wconf 91' lang='lat' dir='ltr'>me</span> <span class='ocrx_word' id='word_1_5' title='bbox 440 391 598 425; x_wconf 90' lang='lat' dir='ltr'>tamen</span> <span class='ocrx_word' id='word_1_6' title='bbox 625 377 719 424; x_wconf 91' lang='lat' dir='ltr'>urit</span> <span class='ocrx_word' id='word_1_7' title='bbox 745 394 875 423; x_wconf 89' lang='lat' dir='ltr'>amor</span> <span class='ocrx_word' id='word_1_8' title='bbox 899 395 908 423; x_wconf 92' lang='lat'><strong>:</strong></span> <span class='ocrx_word' id='word_1_9' title='bbox 947 376 1050 440; x_wconf 90' lang='lat' dir='ltr'>quis</span> <span class='ocrx_word' id='word_1_10' title='bbox 1076 375 1203 422; x_wconf 90' lang='lat' dir='ltr'>enim</span> <span class='ocrx_word' id='word_1_11' title='bbox 1229 375 1393 421; x_wconf 88' lang='lat' dir='ltr'>modus</span> <span class='ocrx_word' id='word_1_12' title='bbox 1419 374 1540 421; x_wconf 90' lang='lat' dir='ltr'>adsit</span> <span class='ocrx_word' id='word_1_13' title='bbox 1564 374 1707 421; x_wconf 90' lang='lat' dir='ltr'>amori</span> <span class='ocrx_word' id='word_1_14' title='bbox 1729 378 1745 420; x_wconf 87' lang='lat'>?</span> 
     </span>
     <span class='ocr_line' id='line_1_3' title="bbox 338 440 1571 507; baseline -0.004 -16"><span class='ocrx_word' id='word_1_15' title='bbox 338 463 363 491; x_wconf 91' lang='lat' dir='ltr'>a</span> <span class='ocrx_word' id='word_1_16' title='bbox 390 444 630 507; x_wconf 89' lang='lat' dir='ltr'>Corydon,</span> <span class='ocrx_word' id='word_1_17' title='bbox 659 444 900 505; x_wconf 87' lang='lat' dir='ltr'><strong>Corydon,</strong></span> <span class='ocrx_word' id='word_1_18' title='bbox 928 460 1045 506; x_wconf 90' lang='lat' dir='ltr'>quae</span> <span class='ocrx_word' id='word_1_19' title='bbox 1073 456 1117 489; x_wconf 91' lang='lat' dir='ltr'>te</span> <span class='ocrx_word' id='word_1_20' title='bbox 1143 441 1383 488; x_wconf 89' lang='lat' dir='ltr'>dementia</span> <span class='ocrx_word' id='word_1_21' title='bbox 1408 440 1571 502; x_wconf 84' lang='lat' dir='ltr'>cepit?</span> 
     </span>
     <span class='ocr_line' id='line_1_4' title="bbox 339 508 1761 573; baseline -0.004 -16"><span class='ocrx_word' id='word_1_22' title='bbox 339 511 618 573; x_wconf 84' lang='lat' dir='ltr'>semiputata</span> <span class='ocrx_word' id='word_1_23' title='bbox 643 510 728 556; x_wconf 91' lang='lat' dir='ltr'>tibi</span> <span class='ocrx_word' id='word_1_24' title='bbox 754 510 971 556; x_wconf 89' lang='lat' dir='ltr'>frondosa</span> <span class='ocrx_word' id='word_1_25' title='bbox 995 509 1102 556; x_wconf 89' lang='lat' dir='ltr'>vitis</span> <span class='ocrx_word' id='word_1_26' title='bbox 1128 508 1177 554; x_wconf 93' lang='lat' dir='ltr'>in</span> <span class='ocrx_word' id='word_1_27' title='bbox 1205 509 1334 554; x_wconf 93' lang='lat' dir='ltr'>ulmo</span> <span class='ocrx_word' id='word_1_28' title='bbox 1361 520 1443 554; x_wconf 93' lang='lat' dir='ltr'>est.</span> <span class='ocrx_word' id='word_1_29' title='bbox 1720 531 1761 562; x_wconf 90' lang='lat'>70</span> 
     </span>
     <span class='ocr_line' id='line_1_5' title="bbox 339 573 1700 640; baseline -0.003 -17"><span class='ocrx_word' id='word_1_30' title='bbox 339 577 455 640; x_wconf 93' lang='lat' dir='ltr'>quin</span> <span class='ocrx_word' id='word_1_31' title='bbox 482 591 531 623; x_wconf 92' lang='lat' dir='ltr'>tu</span> <span class='ocrx_word' id='word_1_32' title='bbox 559 576 738 638; x_wconf 90' lang='lat' dir='ltr'>aliquid</span> <span class='ocrx_word' id='word_1_33' title='bbox 763 576 926 622; x_wconf 90' lang='lat' dir='ltr'>saltem</span> <span class='ocrx_word' id='word_1_34' title='bbox 952 576 1123 638; x_wconf 88' lang='lat' dir='ltr'>potius,</span> <span class='ocrx_word' id='word_1_35' title='bbox 1148 591 1348 638; x_wconf 89' lang='lat' dir='ltr'>quorum</span> <span class='ocrx_word' id='word_1_36' title='bbox 1373 573 1555 634; x_wconf 87' lang='lat' dir='ltr'>indiget</span> <span class='ocrx_word' id='word_1_37' title='bbox 1578 589 1700 630; x_wconf 90' lang='lat' dir='ltr'>usus,</span> 
     </span>
     <span class='ocr_line' id='line_1_6' title="bbox 338 641 1451 704; baseline -0.004 -15"><span class='ocrx_word' id='word_1_38' title='bbox 338 643 596 689; x_wconf 88' lang='lat' dir='ltr'>viminibus</span> <span class='ocrx_word' id='word_1_39' title='bbox 621 641 848 704; x_wconf 86' lang='lat' dir='ltr'>mollique</span> <span class='ocrx_word' id='word_1_40' title='bbox 873 659 1005 704; x_wconf 91' lang='lat' dir='ltr'>paras</span> <span class='ocrx_word' id='word_1_41' title='bbox 1029 643 1246 688; x_wconf 84' lang='lat' dir='ltr'>detexere</span> <span class='ocrx_word' id='word_1_42' title='bbox 1272 641 1451 686; x_wconf 84' lang='lat' dir='ltr'>iunco?</span> 
     </span>
    </p>

    <p class='ocr_par' dir='ltr' id='par_1_3' title="bbox 339 705 1444 765">
     <span class='ocr_line' id='line_1_7' title="bbox 339 705 1444 765; baseline -0.003 -10"><span class='ocrx_word' id='word_1_43' title='bbox 339 709 556 755; x_wconf 90' lang='lat' dir='ltr'>invenies</span> <span class='ocrx_word' id='word_1_44' title='bbox 580 708 740 763; x_wconf 90' lang='lat' dir='ltr'>alium,</span> <span class='ocrx_word' id='word_1_45' title='bbox 769 707 803 754; x_wconf 92' lang='lat' dir='ltr'>si</span> <span class='ocrx_word' id='word_1_46' title='bbox 829 720 874 754; x_wconf 90' lang='lat' dir='ltr'>te</span> <span class='ocrx_word' id='word_1_47' title='bbox 899 708 978 754; x_wconf 93' lang='lat' dir='ltr'>hic</span> <span class='ocrx_word' id='word_1_48' title='bbox 1005 708 1199 765; x_wconf 87' lang='lat' dir='ltr'>fastidit,</span> <span class='ocrx_word' id='word_1_49' title='bbox 1222 705 1444 754; x_wconf 65' lang='lat' dir='ltr'>Alexim?</span> 
     </span>
    </p>
   </div>
   <div class='ocr_carea' id='block_1_3' title="bbox 823 1037 1212 1086">
    <p class='ocr_par' dir='ltr' id='par_1_4' title="bbox 823 1037 1212 1086">
     <span class='ocr_line' id='line_1_8' title="bbox 823 1037 1212 1086; baseline -0.003 -2"><span class='ocrx_word' id='word_1_50' title='bbox 823 1037 1100 1086; x_wconf 91' lang='lat' dir='ltr'>ECLOGA</span> <span class='ocrx_word' id='word_1_51' title='bbox 1135 1038 1212 1083; x_wconf 91' lang='lat' dir='ltr'>III</span> 
     </span>
    </p>
   </div>
   <div class='ocr_carea' id='block_1_4' title="bbox 865 1168 1172 1207">
    <p class='ocr_par' dir='ltr' id='par_1_5' title="bbox 865 1168 1172 1207">
     <span class='ocr_line' id='line_1_9' title="bbox 865 1168 1172 1207; baseline -0.01 0"><span class='ocrx_word' id='word_1_52' title='bbox 865 1168 1172 1207; x_wconf 91' lang='lat' dir='ltr'><strong>PALAEMON</strong></span> 
     </span>
    </p>
   </div>
   <div class='ocr_carea' id='block_1_5' title="bbox 605 1285 1429 1323">
    <p class='ocr_par' dir='ltr' id='par_1_6' title="bbox 605 1285 1429 1323">
     <span class='ocr_line' id='line_1_10' title="bbox 605 1285 1429 1323; baseline -0.004 0"><span class='ocrx_word' id='word_1_53' title='bbox 605 1286 839 1323; x_wconf 65' lang='lat' dir='ltr'>MENALcAs.</span> <span class='ocrx_word' id='word_1_54' title='bbox 899 1285 1133 1322; x_wconf 72' lang='lat' dir='ltr'><strong><em>DAMOETAS.</em></strong></span> <span class='ocrx_word' id='word_1_55' title='bbox 1192 1285 1429 1321; x_wconf 70' lang='lat' dir='ltr'>PALAEMON.</span> 
     </span>
    </p>
   </div>
   <div class='ocr_carea' id='block_1_6' title="bbox 340 1377 1771 2843">
    <p class='ocr_par' dir='ltr' id='par_1_7' title="bbox 340 1377 1771 2843">
     <span class='ocr_line' id='line_1_11' title="bbox 412 1377 1764 1440; baseline -0.003 -12"><span class='ocrx_word' id='word_1_56' title='bbox 412 1382 485 1428; x_wconf 93' lang='lat' dir='ltr'>M.</span> <span class='ocrx_word' id='word_1_57' title='bbox 522 1381 618 1427; x_wconf 92' lang='lat' dir='ltr'>D1c</span> <span class='ocrx_word' id='word_1_58' title='bbox 633 1380 769 1437; x_wconf 90' lang='lat' dir='ltr'>mihi,</span> <span class='ocrx_word' id='word_1_59' title='bbox 786 1380 1033 1435; x_wconf 88' lang='lat' dir='ltr'>Damoeta,</span> <span class='ocrx_word' id='word_1_60' title='bbox 1053 1379 1214 1425; x_wconf 90' lang='lat' dir='ltr'>cuium</span> <span class='ocrx_word' id='word_1_61' title='bbox 1229 1382 1404 1440; x_wconf 87' lang='lat' dir='ltr'>pecus?</span> <span class='ocrx_word' id='word_1_62' title='bbox 1423 1395 1481 1424; x_wconf 90' lang='lat' dir='ltr'>an</span> <span class='ocrx_word' id='word_1_63' title='bbox 1500 1377 1764 1424; x_wconf 85' lang='lat' dir='ltr'>Meliboei?</span> 
     </span>
     <span class='ocr_line' id='line_1_12' title="bbox 411 1445 1762 1507; baseline -0.002 -13"><span class='ocrx_word' id='word_1_64' title='bbox 411 1449 474 1495; x_wconf 88' lang='lat' dir='ltr'>D.</span> <span class='ocrx_word' id='word_1_65' title='bbox 513 1465 622 1504; x_wconf 93' lang='lat' dir='ltr'>non,</span> <span class='ocrx_word' id='word_1_66' title='bbox 635 1464 799 1493; x_wconf 92' lang='lat' dir='ltr'>verum</span> <span class='ocrx_word' id='word_1_67' title='bbox 815 1445 1019 1507; x_wconf 83' lang='lat' dir='ltr'>Aegonis</span> <span class='ocrx_word' id='word_1_68' title='bbox 1037 1465 1051 1499; x_wconf 94' lang='lat'>;</span> <span class='ocrx_word' id='word_1_69' title='bbox 1078 1462 1227 1507; x_wconf 89' lang='lat' dir='ltr'>nuper</span> <span class='ocrx_word' id='word_1_70' title='bbox 1243 1445 1360 1490; x_wconf 91' lang='lat' dir='ltr'>mihi</span> <span class='ocrx_word' id='word_1_71' title='bbox 1373 1445 1566 1490; x_wconf 89' lang='lat' dir='ltr'>tradidit</span> <span class='ocrx_word' id='word_1_72' title='bbox 1581 1445 1762 1504; x_wconf 90' lang='lat' dir='ltr'>Aegon.</span> 
     </span>
     <span class='ocr_line' id='line_1_13' title="bbox 413 1511 1691 1575; baseline -0.003 -15"><span class='ocrx_word' id='word_1_73' title='bbox 413 1516 485 1561; x_wconf 90' lang='lat' dir='ltr'>M.</span> <span class='ocrx_word' id='word_1_74' title='bbox 523 1515 694 1560; x_wconf 83' lang='lat' dir='ltr'>infelix</span> <span class='ocrx_word' id='word_1_75' title='bbox 720 1531 747 1559; x_wconf 99' lang='lat' dir='ltr'>o</span> <span class='ocrx_word' id='word_1_76' title='bbox 774 1530 955 1575; x_wconf 89' lang='lat' dir='ltr'>semper</span> <span class='ocrx_word' id='word_1_77' title='bbox 980 1529 1087 1558; x_wconf 88' lang='lat' dir='ltr'>oves</span> <span class='ocrx_word' id='word_1_78' title='bbox 1114 1528 1257 1573; x_wconf 91' lang='lat' dir='ltr'>pecus</span> <span class='ocrx_word' id='word_1_79' title='bbox 1281 1511 1289 1558; x_wconf 88' lang='lat'>!</span> <span class='ocrx_word' id='word_1_80' title='bbox 1330 1511 1428 1573; x_wconf 89' lang='lat' dir='ltr'>ipse</span> <span class='ocrx_word' id='word_1_81' title='bbox 1455 1511 1691 1557; x_wconf 92' lang='lat' dir='ltr'>Neaeram</span> 
     </span>
     <span class='ocr_line' id='line_1_14' title="bbox 341 1577 1573 1641; baseline -0.005 -13"><span class='ocrx_word' id='word_1_82' title='bbox 341 1582 454 1628; x_wconf 89' lang='lat' dir='ltr'>dum</span> <span class='ocrx_word' id='word_1_83' title='bbox 482 1581 608 1627; x_wconf 90' lang='lat' dir='ltr'>fovet</span> <span class='ocrx_word' id='word_1_84' title='bbox 633 1598 684 1627; x_wconf 89' lang='lat' dir='ltr'>ac</span> <span class='ocrx_word' id='word_1_85' title='bbox 712 1597 771 1626; x_wconf 92' lang='lat' dir='ltr'>ne</span> <span class='ocrx_word' id='word_1_86' title='bbox 798 1597 872 1625; x_wconf 91' lang='lat' dir='ltr'>me</span> <span class='ocrx_word' id='word_1_87' title='bbox 900 1579 986 1625; x_wconf 86' lang='lat' dir='ltr'>sibi</span> <span class='ocrx_word' id='word_1_88' title='bbox 1012 1579 1241 1641; x_wconf 88' lang='lat' dir='ltr'>praeferat</span> <span class='ocrx_word' id='word_1_89' title='bbox 1267 1577 1347 1623; x_wconf 90' lang='lat' dir='ltr'>illa</span> <span class='ocrx_word' id='word_1_90' title='bbox 1372 1590 1573 1632; x_wconf 88' lang='lat' dir='ltr'>veretur,</span> 
     </span>
     <span class='ocr_line' id='line_1_15' title="bbox 340 1644 1465 1704; baseline -0.005 -9"><span class='ocrx_word' id='word_1_91' title='bbox 340 1649 419 1695; x_wconf 91' lang='lat' dir='ltr'>hic</span> <span class='ocrx_word' id='word_1_92' title='bbox 447 1648 625 1694; x_wconf 87' lang='lat' dir='ltr'>alienus</span> <span class='ocrx_word' id='word_1_93' title='bbox 651 1664 758 1693; x_wconf 87' lang='lat' dir='ltr'>oves</span> <span class='ocrx_word' id='word_1_94' title='bbox 785 1659 938 1692; x_wconf 87' lang='lat' dir='ltr'>custos</span> <span class='ocrx_word' id='word_1_95' title='bbox 965 1645 1033 1691; x_wconf 90' lang='lat' dir='ltr'>bis</span> <span class='ocrx_word' id='word_1_96' title='bbox 1060 1645 1240 1704; x_wconf 90' lang='lat' dir='ltr'>mulget</span> <span class='ocrx_word' id='word_1_97' title='bbox 1265 1644 1315 1689; x_wconf 92' lang='lat' dir='ltr'>in</span> <span class='ocrx_word' id='word_1_98' title='bbox 1340 1645 1465 1699; x_wconf 91' lang='lat' dir='ltr'>hora,</span> 
     </span>
     <span class='ocr_line' id='line_1_16' title="bbox 342 1710 1374 1776; baseline -0.006 -14"><span class='ocrx_word' id='word_1_99' title='bbox 342 1728 388 1762; x_wconf 89' lang='lat' dir='ltr'>et</span> <span class='ocrx_word' id='word_1_100' title='bbox 413 1731 549 1761; x_wconf 86' lang='lat' dir='ltr'>sucus</span> <span class='ocrx_word' id='word_1_101' title='bbox 574 1714 732 1776; x_wconf 92' lang='lat' dir='ltr'>pecori</span> <span class='ocrx_word' id='word_1_102' title='bbox 760 1726 805 1759; x_wconf 93' lang='lat' dir='ltr'>et</span> <span class='ocrx_word' id='word_1_103' title='bbox 833 1713 902 1758; x_wconf 92' lang='lat' dir='ltr'>lac</span> <span class='ocrx_word' id='word_1_104' title='bbox 929 1711 1206 1758; x_wconf 86' lang='lat' dir='ltr'>subducitur</span> <span class='ocrx_word' id='word_1_105' title='bbox 1231 1710 1374 1770; x_wconf 86' lang='lat' dir='ltr'>agnis.</span> 
     </span>
     <span class='ocr_line' id='line_1_17' title="bbox 414 1777 1689 1844; baseline -0.003 -17"><span class='ocrx_word' id='word_1_106' title='bbox 414 1782 478 1829; x_wconf 93' lang='lat' dir='ltr'>D.</span> <span class='ocrx_word' id='word_1_107' title='bbox 514 1780 699 1844; x_wconf 89' lang='lat' dir='ltr'>parcius</span> <span class='ocrx_word' id='word_1_108' title='bbox 726 1780 812 1826; x_wconf 89' lang='lat' dir='ltr'>ista</span> <span class='ocrx_word' id='word_1_109' title='bbox 835 1779 942 1824; x_wconf 88' lang='lat' dir='ltr'>viris</span> <span class='ocrx_word' id='word_1_110' title='bbox 971 1791 1128 1824; x_wconf 92' lang='lat' dir='ltr'>tamen</span> <span class='ocrx_word' id='word_1_111' title='bbox 1154 1777 1405 1823; x_wconf 89' lang='lat' dir='ltr'>obicienda</span> <span class='ocrx_word' id='word_1_112' title='bbox 1431 1790 1689 1823; x_wconf 91' lang='lat' dir='ltr'>memento.</span> 
     </span>
     <span class='ocr_line' id='line_1_18' title="bbox 343 1844 1576 1910; baseline -0.005 -15"><span class='ocrx_word' id='word_1_113' title='bbox 343 1848 576 1905; x_wconf 87' lang='lat' dir='ltr'>novimus,</span> <span class='ocrx_word' id='word_1_114' title='bbox 603 1861 649 1894; x_wconf 89' lang='lat' dir='ltr'>et</span> <span class='ocrx_word' id='word_1_115' title='bbox 675 1846 755 1910; x_wconf 92' lang='lat' dir='ltr'>qui</span> <span class='ocrx_word' id='word_1_116' title='bbox 782 1859 842 1903; x_wconf 93' lang='lat' dir='ltr'>te,</span> <span class='ocrx_word' id='word_1_117' title='bbox 871 1860 1127 1892; x_wconf 87' lang='lat' dir='ltr'>transversa</span> <span class='ocrx_word' id='word_1_118' title='bbox 1153 1844 1392 1891; x_wconf 91' lang='lat' dir='ltr'>tuentibus</span> <span class='ocrx_word' id='word_1_119' title='bbox 1418 1844 1576 1900; x_wconf 88' lang='lat' dir='ltr'>hircis,</span> 
     </span>
     <span class='ocr_line' id='line_1_19' title="bbox 344 1911 1551 1978; baseline -0.005 -16"><span class='ocrx_word' id='word_1_120' title='bbox 344 1929 391 1962; x_wconf 90' lang='lat' dir='ltr'>et</span> <span class='ocrx_word' id='word_1_121' title='bbox 416 1914 660 1978; x_wconf 91' lang='lat' dir='ltr'>quo—sed</span> <span class='ocrx_word' id='word_1_122' title='bbox 684 1913 843 1959; x_wconf 87' lang='lat' dir='ltr'>faciles</span> <span class='ocrx_word' id='word_1_123' title='bbox 871 1913 1127 1974; x_wconf 88' lang='lat' dir='ltr'>Nymphae</span> <span class='ocrx_word' id='word_1_124' title='bbox 1153 1911 1551 1957; x_wconf 88' lang='lat' dir='ltr'>risere—sacello.</span> 
     </span>
     <span class='ocr_line' id='line_1_20' title="bbox 414 1975 1768 2037; baseline -0.004 -9"><span class='ocrx_word' id='word_1_125' title='bbox 414 1983 487 2028; x_wconf 91' lang='lat' dir='ltr'>M.</span> <span class='ocrx_word' id='word_1_126' title='bbox 526 1994 645 2037; x_wconf 90' lang='lat' dir='ltr'>tum,</span> <span class='ocrx_word' id='word_1_127' title='bbox 661 1980 815 2037; x_wconf 91' lang='lat' dir='ltr'>cred0,</span> <span class='ocrx_word' id='word_1_128' title='bbox 834 1996 944 2026; x_wconf 90' lang='lat' dir='ltr'>curn</span> <span class='ocrx_word' id='word_1_129' title='bbox 965 1996 1040 2025; x_wconf 93' lang='lat' dir='ltr'>me</span> <span class='ocrx_word' id='word_1_130' title='bbox 1061 1979 1300 2024; x_wconf 87' lang='lat' dir='ltr'>arbustum</span> <span class='ocrx_word' id='word_1_131' title='bbox 1317 1977 1475 2023; x_wconf 88' lang='lat' dir='ltr'>videre</span> <span class='ocrx_word' id='word_1_132' title='bbox 1497 1975 1708 2023; x_wconf 86' lang='lat' dir='ltr'>Miconis</span> <span class='ocrx_word' id='word_1_133' title='bbox 1729 2001 1768 2022; x_wconf 78' lang='grc' dir='ltr'>ιο</span> 
     </span>
     <span class='ocr_line' id='line_1_21' title="bbox 344 2045 1409 2111; baseline -0.005 -16"><span class='ocrx_word' id='word_1_134' title='bbox 344 2061 484 2111; x_wconf 89' lang='lat' dir='ltr'>atque</span> <span class='ocrx_word' id='word_1_135' title='bbox 510 2048 633 2094; x_wconf 89' lang='lat' dir='ltr'>mala</span> <span class='ocrx_word' id='word_1_136' title='bbox 657 2047 775 2093; x_wconf 89' lang='lat' dir='ltr'>vites</span> <span class='ocrx_word' id='word_1_137' title='bbox 802 2046 1013 2093; x_wconf 89' lang='lat' dir='ltr'>incidere</span> <span class='ocrx_word' id='word_1_138' title='bbox 1041 2046 1160 2091; x_wconf 90' lang='lat' dir='ltr'>falce</span> <span class='ocrx_word' id='word_1_139' title='bbox 1187 2045 1409 2090; x_wconf 90' lang='lat' dir='ltr'>novellas.</span> 
     </span>
     <span class='ocr_line' id='line_1_22' title="bbox 415 2110 1753 2172; baseline -0.004 -11"><span class='ocrx_word' id='word_1_140' title='bbox 415 2116 482 2162; x_wconf 91' lang='lat' dir='ltr'>D.</span> <span class='ocrx_word' id='word_1_141' title='bbox 519 2127 597 2160; x_wconf 92' lang='lat' dir='ltr'>aut</span> <span class='ocrx_word' id='word_1_142' title='bbox 622 2114 700 2160; x_wconf 92' lang='lat' dir='ltr'>hic</span> <span class='ocrx_word' id='word_1_143' title='bbox 729 2114 785 2159; x_wconf 90' lang='lat' dir='ltr'>ad</span> <span class='ocrx_word' id='word_1_144' title='bbox 810 2127 989 2160; x_wconf 89' lang='lat' dir='ltr'>veteres</span> <span class='ocrx_word' id='word_1_145' title='bbox 1015 2113 1138 2172; x_wconf 89' lang='lat' dir='ltr'>fagos</span> <span class='ocrx_word' id='word_1_146' title='bbox 1166 2128 1275 2158; x_wconf 91' lang='lat' dir='ltr'>cum</span> <span class='ocrx_word' id='word_1_147' title='bbox 1301 2110 1567 2172; x_wconf 89' lang='lat' dir='ltr'>Daphnidis</span> <span class='ocrx_word' id='word_1_148' title='bbox 1594 2127 1753 2157; x_wconf 91' lang='lat' dir='ltr'>arcum</span> 
     </span>
     <span class='ocr_line' id='line_1_23' title="bbox 345 2177 1617 2243; baseline -0.005 -15"><span class='ocrx_word' id='word_1_149' title='bbox 345 2182 520 2242; x_wconf 88' lang='lat' dir='ltr'>fregisti</span> <span class='ocrx_word' id='word_1_150' title='bbox 548 2194 594 2228; x_wconf 90' lang='lat' dir='ltr'>et</span> <span class='ocrx_word' id='word_1_151' title='bbox 620 2181 820 2227; x_wconf 88' lang='lat' dir='ltr'>calamos</span> <span class='ocrx_word' id='word_1_152' title='bbox 845 2199 855 2226; x_wconf 75' lang='grc' dir='ltr'>ε</span> <span class='ocrx_word' id='word_1_153' title='bbox 894 2196 1013 2243; x_wconf 88' lang='lat' dir='ltr'>quae</span> <span class='ocrx_word' id='word_1_154' title='bbox 1040 2192 1106 2236; x_wconf 92' lang='lat' dir='ltr'>tu,</span> <span class='ocrx_word' id='word_1_155' title='bbox 1133 2194 1346 2241; x_wconf 80' lang='lat' dir='ltr'>perverse</span> <span class='ocrx_word' id='word_1_156' title='bbox 1374 2177 1617 2233; x_wconf 89' lang='lat' dir='ltr'>Menalca,</span> 
     </span>
     <span class='ocr_line' id='line_1_24' title="bbox 345 2245 1328 2310; baseline -0.005 -15"><span class='ocrx_word' id='word_1_157' title='bbox 345 2262 391 2295; x_wconf 93' lang='lat' dir='ltr'>et</span> <span class='ocrx_word' id='word_1_158' title='bbox 418 2265 527 2295; x_wconf 91' lang='lat' dir='ltr'>curn</span> <span class='ocrx_word' id='word_1_159' title='bbox 553 2247 710 2294; x_wconf 86' lang='lat' dir='ltr'>vidisti</span> <span class='ocrx_word' id='word_1_160' title='bbox 737 2264 883 2310; x_wconf 93' lang='lat' dir='ltr'>puero</span> <span class='ocrx_word' id='word_1_161' title='bbox 908 2247 1096 2302; x_wconf 92' lang='lat' dir='ltr'>donata,</span> <span class='ocrx_word' id='word_1_162' title='bbox 1123 2245 1328 2301; x_wconf 89' lang='lat' dir='ltr'>dolebas,</span> 
     </span>
     <span class='ocr_line' id='line_1_25' title="bbox 346 2313 1431 2377; baseline -0.005 -16"><span class='ocrx_word' id='word_1_163' title='bbox 346 2327 391 2361; x_wconf 92' lang='lat' dir='ltr'>et</span> <span class='ocrx_word' id='word_1_164' title='bbox 417 2315 451 2361; x_wconf 90' lang='lat' dir='ltr'>si</span> <span class='ocrx_word' id='word_1_165' title='bbox 480 2332 575 2361; x_wconf 93' lang='lat' dir='ltr'>non</span> <span class='ocrx_word' id='word_1_166' title='bbox 602 2315 759 2377; x_wconf 91' lang='lat' dir='ltr'>aliqua</span> <span class='ocrx_word' id='word_1_167' title='bbox 784 2313 1036 2370; x_wconf 77' lang='lat' dir='ltr'>nocuisseS,</span> <span class='ocrx_word' id='word_1_168' title='bbox 1062 2324 1272 2358; x_wconf 90' lang='lat' dir='ltr'>mortuus</span> <span class='ocrx_word' id='word_1_169' title='bbox 1299 2327 1431 2357; x_wconf 91' lang='lat' dir='ltr'>esses.</span> 
     </span>
     <span class='ocr_line' id='line_1_26' title="bbox 416 2375 1725 2444; baseline -0.005 -16"><span class='ocrx_word' id='word_1_170' title='bbox 416 2382 489 2428; x_wconf 92' lang='lat' dir='ltr'>M.</span> <span class='ocrx_word' id='word_1_171' title='bbox 527 2381 642 2444; x_wconf 93' lang='lat' dir='ltr'>quid</span> <span class='ocrx_word' id='word_1_172' title='bbox 667 2380 847 2427; x_wconf 91' lang='lat' dir='ltr'>domini</span> <span class='ocrx_word' id='word_1_173' title='bbox 875 2380 1062 2435; x_wconf 89' lang='lat' dir='ltr'>faciant,</span> <span class='ocrx_word' id='word_1_174' title='bbox 1089 2379 1263 2424; x_wconf 90' lang='lat' dir='ltr'>audent</span> <span class='ocrx_word' id='word_1_175' title='bbox 1288 2394 1398 2424; x_wconf 92' lang='lat' dir='ltr'>cum</span> <span class='ocrx_word' id='word_1_176' title='bbox 1424 2375 1537 2423; x_wconf 92' lang='lat' dir='ltr'>talia</span> <span class='ocrx_word' id='word_1_177' title='bbox 1563 2376 1725 2423; x_wconf 88' lang='lat' dir='ltr'>fures?</span> 
     </span>
     <span class='ocr_line' id='line_1_27' title="bbox 347 2445 1477 2508; baseline -0.005 -14"><span class='ocrx_word' id='word_1_178' title='bbox 347 2465 441 2494; x_wconf 92' lang='lat' dir='ltr'>non</span> <span class='ocrx_word' id='word_1_179' title='bbox 468 2465 551 2508; x_wconf 91' lang='lat' dir='ltr'>ego</span> <span class='ocrx_word' id='word_1_180' title='bbox 577 2461 622 2494; x_wconf 95' lang='lat' dir='ltr'>te</span> <span class='ocrx_word' id='word_1_181' title='bbox 648 2448 743 2493; x_wconf 89' lang='lat' dir='ltr'>vidi</span> <span class='ocrx_word' id='word_1_182' title='bbox 771 2447 1016 2504; x_wconf 90' lang='lat' dir='ltr'>Damonis,</span> <span class='ocrx_word' id='word_1_183' title='bbox 1042 2445 1259 2508; x_wconf 85' lang='lat' dir='ltr'>pessime,</span> <span class='ocrx_word' id='word_1_184' title='bbox 1285 2460 1477 2506; x_wconf 88' lang='lat' dir='ltr'>caprum</span> 
     </span>
     <span class='ocr_line' id='line_1_28' title="bbox 347 2510 1507 2577; baseline -0.005 -16"><span class='ocrx_word' id='word_1_185' title='bbox 347 2515 566 2577; x_wconf 85' lang='lat' dir='ltr'>excipere</span> <span class='ocrx_word' id='word_1_186' title='bbox 591 2513 790 2569; x_wconf 85' lang='lat' dir='ltr'>insidiis,</span> <span class='ocrx_word' id='word_1_187' title='bbox 815 2514 1020 2559; x_wconf 89' lang='lat' dir='ltr'>multum</span> <span class='ocrx_word' id='word_1_188' title='bbox 1047 2513 1248 2558; x_wconf 91' lang='lat' dir='ltr'>latrante</span> <span class='ocrx_word' id='word_1_189' title='bbox 1273 2510 1507 2572; x_wconf 86' lang='lat' dir='ltr'>Lycisca?</span> 
     </span>
     <span class='ocr_line' id='line_1_29' title="bbox 348 2576 1550 2641; baseline -0.006 -13"><span class='ocrx_word' id='word_1_190' title='bbox 348 2595 395 2628; x_wconf 91' lang='lat' dir='ltr'>et</span> <span class='ocrx_word' id='word_1_191' title='bbox 420 2598 529 2628; x_wconf 92' lang='lat' dir='ltr'>cum</span> <span class='ocrx_word' id='word_1_192' title='bbox 555 2580 809 2627; x_wconf 89' lang='lat' dir='ltr'>clamarem</span> <span class='ocrx_word' id='word_1_193' title='bbox 837 2585 957 2641; x_wconf 89' lang='lat' dir='ltr'>‘quo</span> <span class='ocrx_word' id='word_1_194' title='bbox 983 2595 1110 2624; x_wconf 93' lang='lat' dir='ltr'>nunc</span> <span class='ocrx_word' id='word_1_195' title='bbox 1138 2595 1184 2624; x_wconf 91' lang='lat' dir='ltr'>se</span> <span class='ocrx_word' id='word_1_196' title='bbox 1208 2577 1407 2639; x_wconf 90' lang='lat' dir='ltr'>proripit</span> <span class='ocrx_word' id='word_1_197' title='bbox 1432 2576 1513 2622; x_wconf 91' lang='lat' dir='ltr'>ille</span> <span class='ocrx_word' id='word_1_198' title='bbox 1534 2579 1550 2621; x_wconf 87' lang='lat'>?</span> 
     </span>
     <span class='ocr_line' id='line_1_30' title="bbox 348 2643 1771 2709; baseline -0.005 -15"><span class='ocrx_word' id='word_1_199' title='bbox 348 2648 530 2709; x_wconf 87' lang='lat' dir='ltr'>Tityre,</span> <span class='ocrx_word' id='word_1_200' title='bbox 557 2663 671 2707; x_wconf 93' lang='lat' dir='ltr'>coge</span> <span class='ocrx_word' id='word_1_201' title='bbox 697 2663 840 2708; x_wconf 91' lang='lat' dir='ltr'>pecus</span> <span class='ocrx_word' id='word_1_202' title='bbox 863 2645 871 2692; x_wconf 91' lang='lat'>!</span> <span class='ocrx_word' id='word_1_203' title='bbox 891 2644 902 2663; x_wconf 94' lang='lat'>&#39;</span> <span class='ocrx_word' id='word_1_204' title='bbox 928 2658 978 2691; x_wconf 92' lang='lat' dir='ltr'>tu</span> <span class='ocrx_word' id='word_1_205' title='bbox 1005 2658 1107 2706; x_wconf 92' lang='lat' dir='ltr'>post</span> <span class='ocrx_word' id='word_1_206' title='bbox 1133 2657 1317 2690; x_wconf 87' lang='lat' dir='ltr'>carecta</span> <span class='ocrx_word' id='word_1_207' title='bbox 1344 2643 1535 2690; x_wconf 90' lang='lat' dir='ltr'>latebas.</span> <span class='ocrx_word' id='word_1_208' title='bbox 1731 2666 1771 2687; x_wconf 88' lang='lat'>20</span> 
     </span>
     <span class='ocr_line' id='line_1_31' title="bbox 420 2709 1628 2761; baseline -0.005 -1"><span class='ocrx_word' id='word_1_209' title='bbox 420 2715 486 2761; x_wconf 91' lang='lat' dir='ltr'>D.</span> <span class='ocrx_word' id='word_1_210' title='bbox 522 2730 580 2760; x_wconf 92' lang='lat' dir='ltr'>an</span> <span class='ocrx_word' id='word_1_211' title='bbox 606 2712 723 2759; x_wconf 91' lang='lat' dir='ltr'>mihi</span> <span class='ocrx_word' id='word_1_212' title='bbox 749 2712 984 2759; x_wconf 89' lang='lat' dir='ltr'>cantando</span> <span class='ocrx_word' id='word_1_213' title='bbox 1007 2711 1159 2757; x_wconf 84' lang='lat' dir='ltr'>victus</span> <span class='ocrx_word' id='word_1_214' title='bbox 1184 2727 1279 2756; x_wconf 92' lang='lat' dir='ltr'>non</span> <span class='ocrx_word' id='word_1_215' title='bbox 1305 2710 1522 2756; x_wconf 90' lang='lat' dir='ltr'>redderet</span> <span class='ocrx_word' id='word_1_216' title='bbox 1546 2709 1628 2755; x_wconf 88' lang='lat' dir='ltr'>ille</span> 
     </span>
     <span class='ocr_line' id='line_1_32' title="bbox 347 2776 1634 2843; baseline -0.005 -16"><span class='ocrx_word' id='word_1_217' title='bbox 347 2797 489 2843; x_wconf 89' lang='lat' dir='ltr'>quem</span> <span class='ocrx_word' id='word_1_218' title='bbox 515 2796 619 2826; x_wconf 91' lang='lat' dir='ltr'>mea</span> <span class='ocrx_word' id='word_1_219' title='bbox 645 2779 931 2825; x_wconf 88' lang='lat' dir='ltr'>carminibus</span> <span class='ocrx_word' id='word_1_220' title='bbox 956 2777 1201 2824; x_wconf 88' lang='lat' dir='ltr'>meruisset</span> <span class='ocrx_word' id='word_1_221' title='bbox 1228 2776 1379 2822; x_wconf 88' lang='lat' dir='ltr'>fistula</span> <span class='ocrx_word' id='word_1_222' title='bbox 1405 2779 1634 2838; x_wconf 86' lang='lat' dir='ltr'>caprum?</span> 
     </span>
    </p>
   </div>
   <div class='ocr_carea' id='block_1_7' title="bbox 1858 469 1861 1206">
    <p class='ocr_par' dir='ltr' id='par_1_8' title="bbox 1858 469 1861 1206">
     <span class='ocr_line' id='line_1_33' title="bbox 1858 469 1861 1206; baseline 0 0"><span class='ocrx_word' id='word_1_223' title='bbox 1858 469 1861 1206; x_wconf 95' lang='lat' dir='ltr'> </span> 
     </span>
    </p>
   </div>
   <div class='ocr_carea' id='block_1_8' title="bbox 1854 1206 1861 2447">
    <p class='ocr_par' dir='ltr' id='par_1_9' title="bbox 1854 1206 1861 2447">
     <span class='ocr_line' id='line_1_34' title="bbox 1854 1206 1861 2447; textangle 90"><span class='ocrx_word' id='word_1_224' title='bbox 1854 1206 1861 2447; x_wconf 70' lang='lat'><em>——.-.—.——-.-——————-———.—</em></span> 
     </span>
    </p>
   </div>
  </div>
 </body>
</html>
