1866 3208
252 228 330 268 286
701 231 744 269 P.
774 231 1006 269 VERGILI
1037 231 1294 270 MARONIS

319 351 582 395 auctorem,
609 354 696 384 nec
723 353 817 400 quo
843 353 890 383 se
917 337 1082 384 ardens
1108 338 1349 385 inmittere
1374 339 1535 400 possit.

284 409 299 430 ‘
316 417 366 451 tu
394 417 553 450 tamen
581 403 765 449 interea
791 403 944 450 calido
970 404 1088 450 mihi
1114 405 1343 465 sanguine
1367 421 1544 466 poenas

319 471 554 533 persolves
581 467 854 515 amborum'
880 469 1037 533 inquit
1058 491 1073 528 ;
1109 471 1249 518 simul
1278 487 1388 517 ense
1414 471 1595 518 recluso

318 537 416 583 ibat
441 536 490 582 in
519 536 793 597 Euryalum.
865 548 968 583 tum
992 554 1102 584 vero
1131 537 1394 595 exterrituS,
1421 554 1599 596 amens,

320 602 591 649 conclamat
617 602 778 660 Nisus,
807 619 895 650 nec
922 620 969 649 se
995 605 1148 651 celare
1175 604 1381 651 tenebris

320 668 520 730 amplius
546 681 627 715 aut
653 681 839 715 tantum
864 669 1021 731 potuit
1045 672 1251 732 perferre
1277 671 1489 717 dolorem
1513 689 1524 718 :

288 741 300 760 ‘
317 752 406 792 me,
434 752 526 792 me,
554 735 733 793 adsum,
760 735 842 798 qui
868 736 977 794 feci,
1003 736 1053 783 in
1078 754 1154 783 me
1181 737 1444 784 convertite
1470 737 1665 795 ferrum,

319 819 346 847 o
374 801 543 847 Rutuli
567 822 581 858 ;
617 818 721 848 mea
749 803 871 848 fraus
898 802 1050 849 omnis
1072 824 1086 861 ;
1122 804 1244 850 nihil
1272 804 1356 850 iste
1383 820 1470 850 nec
1497 821 1630 850 ausus

320 885 408 914 nec
435 867 627 930 potuit;
665 870 850 916 caelum
875 870 966 915 hoc
993 883 1040 916 et
1064 871 1252 917 conscia
1278 870 1427 916 sidera
1453 883 1596 916 testor
1620 888 1630 916 ε

321 948 506 982 tantum
532 935 780 982 infelicem
807 935 1010 982 nimium
1034 937 1200 983 dilexit
1225 935 1461 983 amicum?
1687 961 1748 991 430

322 1001 432 1048 talia
457 1001 587 1047 dicta
613 1001 754 1048 dabat
776 1022 790 1059 3
827 1002 909 1048 sed
934 1002 1109 1049 viribus
1134 1004 1257 1050 ensis
1282 1004 1471 1050 adactus

322 1068 596 1128 transadigit
622 1082 772 1114 costas
800 1081 846 1115 et
872 1068 1069 1115 candida
1094 1083 1288 1132 pectora
1313 1070 1507 1132 rumpit.

321 1135 528 1181 volvitur
554 1135 781 1196 Euryalus
809 1136 922 1194 leto,
949 1136 1268 1199 pulchrosque
1293 1154 1378 1199 per
1404 1149 1529 1182 artus

321 1201 357 1247 it
383 1217 535 1259 cruor,
563 1201 709 1264 inque
737 1219 920 1248 umeros
947 1202 1107 1249 cervix
1133 1204 1339 1265 collapsa
1364 1203 1602 1250 recumbit
1627 1221 1637 1249 :

321 1284 582 1330 purpureus
609 1269 759 1315 veluti
788 1286 898 1315 cum
924 1268 1007 1315 flos
1033 1269 1238 1316 succisus
1265 1282 1415 1316 aratro

322 1335 586 1395 languescit
611 1335 834 1391 moriens,
864 1336 1040 1382 lassove
1066 1353 1296 1398 papavera
1322 1336 1447 1382 collo

320 1400 550 1447 demisere
577 1415 731 1463 caput,
758 1402 920 1464 pluvia
944 1419 1055 1448 cum
1081 1403 1200 1449 forte
1226 1415 1493 1463 gravantur.

322 1481 368 1513 at
396 1468 541 1514 Nisus
567 1468 660 1514 ruit
686 1468 735 1514 in
764 1469 943 1515 medios
970 1469 1217 1531 solumque
1242 1485 1326 1531 per
1350 1485 1512 1515 omnes

321 1534 611 1582 Volcentem
638 1534 773 1596 petit,
801 1535 850 1581 in
877 1536 976 1581 solo
1001 1536 1242 1582 Volcente
1268 1548 1490 1582 moratur.

322 1618 464 1663 quern
499 1601 681 1648 circum
707 1601 956 1663 glomerati
991 1603 1146 1649 hostes
1178 1602 1290 1648 hinc
1317 1602 1583 1649 comminus
1609 1614 1751 1664 atque

455 1668 569 1714 hinc
1691 1692 1753 1721 440

322 1735 618 1796 proturbant.
690 1734 832 1780 instat
859 1752 954 1781 non
982 1736 1123 1781 setius
1149 1752 1200 1782 ac
1228 1748 1348 1781 rotat
1374 1751 1533 1781 ensem

323 1800 625 1858 fulmineum,
653 1801 802 1847 donec
831 1801 999 1848 Rutuli
1026 1802 1271 1848 clamantis
1297 1802 1346 1847 in
1373 1818 1450 1847 ore

324 1867 540 1913 condidit
567 1867 761 1913 adverso
789 1881 835 1914 et
861 1868 1066 1914 moriens
1093 1868 1299 1914 animam
1326 1867 1520 1914 abstulit
1544 1867 1682 1914 hosti.

325 1946 426 1980 tum
451 1950 591 1996 super
616 1934 893 1980 exanimum
920 1951 1017 1981 sese
1042 1935 1243 1997 proiecit
1269 1934 1475 1980 amicum

323 2000 578 2058 confossuS,
604 2001 885 2063 placidaque
911 2001 975 2047 ibi
1003 2001 1196 2047 demum
1222 2014 1372 2046 morte
1399 2001 1594 2063 quievit.

391 2067 621 2114 fortunati
649 2067 786 2114 ambo
810 2069 818 2114 Ξ
860 2068 895 2114 si
924 2067 1038 2130 quid
1065 2084 1168 2114 mea
1193 2067 1399 2113 carmina
1422 2080 1634 2129 possunt,

325 2134 458 2180 nulla
483 2134 583 2180 dies
612 2150 837 2197 umquam
865 2134 1065 2181 memori
1091 2151 1172 2180 vos
1197 2134 1374 2180 eximet
1399 2151 1527 2191 aevo,

323 2200 438 2247 dum
463 2201 631 2247 domus
655 2202 846 2248 Aeneae
875 2201 1085 2263 Capitoli
1112 2200 1342 2247 inmobile
1369 2217 1529 2246 saxum

324 2267 503 2313 accolet
528 2267 874 2330 imperiumque
902 2282 1033 2330 pater
1059 2268 1300 2314 Romanus
1325 2266 1534 2312 habebit.

391 2333 591 2379 victores
615 2335 787 2396 praeda
815 2335 984 2380 Rutuli
1011 2334 1263 2397 spoliisque
1289 2332 1426 2395 potiti
1691 2355 1754 2385 450

325 2399 613 2446 Volcentem
642 2401 915 2446 exanimum
942 2400 1109 2446 flentes
1135 2400 1184 2445 in
1211 2413 1359 2446 castra
1385 2399 1617 2445 ferebant.

325 2482 413 2512 nec
439 2465 594 2512 minor
619 2466 668 2512 in
696 2467 855 2512 castris
883 2467 1039 2513 luctus
1067 2466 1338 2512 Rhamnete
1363 2478 1552 2527 reperto

325 2532 545 2593 exsangui
575 2545 621 2578 et
646 2532 808 2595 primis
836 2549 928 2578 una
952 2545 1022 2578 tot
1048 2533 1191 2578 caede
1215 2532 1488 2594 peremptis,

328 2599 618 2662 Serranoque
646 2599 919 2662 Numaque.
989 2598 1155 2659 ingens
1181 2615 1434 2645 concursus
1461 2599 1517 2644 ad
1543 2598 1640 2660 ipsa

325 2682 518 2727 corpora
546 2665 900 2728 seminecesque
926 2665 1046 2711 viros
1074 2665 1325 2728 tepidaque
1350 2678 1591 2712 recentem

257 2753 336 2792 432
367 2743 576 2782 transabiit.
678 2754 768 2791 444,
789 2753 863 2792 451
896 2743 1124 2782 exanimem.
1220 2753 1296 2793 455
1329 2743 1570 2793 tepidumque
1598 2740 1750 2779 recenti.
