1866 3208
333 247 408 283 214
772 235 815 273 P.
845 235 1078 275 VERGILI
1108 235 1363 274 MARONIS

397 343 477 405 qui
504 343 602 389 fore
628 357 675 388 te
700 355 847 403 ponto
872 341 1163 389 incolumem
1189 343 1398 405 finesque
1424 343 1623 389 canebat

397 421 650 454 venturum
674 407 927 455 Ausonios.
997 425 1056 455 en
1081 411 1195 456 haec
1222 409 1445 472 promissa
1472 409 1585 454 fides
1611 409 1735 455 est?'

397 474 478 520 ille
505 487 694 520 autem:
733 477 911 536 ‘neque
936 487 984 521 te
1012 475 1190 522 Phoebi
1218 475 1397 522 cortina
1424 475 1612 532 fefellit,

396 541 490 585 dux
515 539 820 597 Anchisiade,
848 557 935 587 nec
961 557 1037 587 me
1063 542 1175 588 deus
1201 558 1401 604 aequore
1427 541 1604 588 mersit.

396 622 601 679 namque
625 606 980 665 gubernaclum,
1007 609 1157 655 multa
1184 609 1227 655 vi
1254 609 1373 654 forte
1399 608 1654 664 revulsum,

396 671 472 718 cui
498 672 632 718 datus
657 673 909 718 haerebam
934 687 1088 720 custos
1115 691 1367 737 cursusque
1394 673 1627 733 regebam,
1753 698 1818 729 350

395 738 708 801 praecipitans
733 739 848 784 traxi
876 756 1078 788 mecum.
1151 741 1294 786 maria
1320 757 1477 814 aspera
1503 739 1606 785 iuro

395 821 491 849 non
517 805 669 850 ullum
693 822 780 867 pro
805 822 881 852 me
907 819 1091 853 tantum
1117 807 1293 869 cepisse
1320 807 1553 862 timorem,

395 887 537 932 quam
563 884 643 916 tua
669 888 743 929 ne,
770 872 966 934 spoliata
993 873 1146 930 armis,
1176 890 1368 919 excussa
1395 872 1632 932 magistro,
1862 901 1866 939 Ι

394 936 617 982 deficeret
643 937 784 983 tantis
811 938 940 984 navis
966 940 1262 999 surgentibus
1288 939 1441 985 undis.

396 1016 486 1049 tres
511 1003 669 1049 Notus
694 1003 913 1050 hibernas
941 1004 1153 1052 inmensa
1179 1023 1261 1068 per
1286 1023 1487 1068 aequora
1514 1016 1675 1051 noctes

395 1069 524 1115 vexit
549 1086 625 1115 me
650 1069 884 1115 violentus
912 1088 1030 1133 aqua
1052 1092 1066 1128 3
1101 1072 1179 1118 vix
1205 1072 1385 1118 lumine
1411 1084 1576 1134 quarto

395 1135 612 1198 prospexi
638 1135 827 1182 Italiam
855 1153 1035 1183 summa
1061 1138 1273 1184 sublimis
1300 1139 1357 1184 ab
1383 1137 1524 1184 unda.

394 1202 626 1264 paulatim
652 1202 882 1248 adnabam
910 1215 1055 1250 terrae
1079 1224 1093 1260 ;
1129 1204 1222 1251 iam
1249 1217 1350 1251 tuta
1376 1205 1612 1261 tenebam,

396 1268 444 1315 ni
469 1285 582 1330 gens
608 1269 810 1315 crudelis
836 1269 1020 1316 madida
1047 1288 1155 1316 cum
1180 1284 1309 1316 veste
1334 1284 1575 1331 gravatum

396 1349 792 1409 prensantemque
818 1336 951 1382 uncis
978 1337 1194 1382 manibus
1221 1337 1376 1399 capita
1403 1353 1561 1399 aspera
1587 1336 1760 1382 montis

396 1401 555 1447 ferro
544 1401 801 1459 1nvasisset‚
828 1402 1182 1465 praedamque
1172 1420 1330 1463 lgnara
1355 1415 1580 1464 putasset.
1755 1416 1815 1456 361

396 1485 523 1515 nunc
549 1485 626 1514 me
651 1467 821 1514 fluctus
847 1469 1004 1526 habet,
1033 1482 1314 1531 versantque
1339 1468 1389 1514 in
1415 1468 1552 1514 litore
1578 1467 1725 1515 venti.

396 1534 523 1597 quod
548 1547 594 1580 te
619 1551 702 1597 per
727 1535 844 1582 caeli
871 1535 1133 1581 iucundum
1160 1536 1323 1581 lumen
1350 1548 1396 1581 et
1421 1551 1567 1592 auras,

395 1618 479 1663 per
501 1601 764 1662 genitorem
789 1619 886 1677 oro,
913 1618 996 1664 per
1021 1619 1123 1664 spes
1150 1602 1377 1662 surgentis
1404 1601 1513 1659 Iuli,

397 1667 526 1730 eripe
551 1685 627 1714 me
652 1669 738 1725 his,
765 1668 960 1724 invicte,
986 1668 1147 1714 malis:
1186 1681 1266 1714 aut
1292 1681 1340 1714 tu
1368 1668 1485 1714 mihi
1511 1680 1684 1714 terram

396 1733 538 1790 inice,
564 1751 768 1797 namque
793 1748 941 1808 potes,
969 1748 1227 1796 portusque
1253 1734 1438 1797 require
1463 1734 1699 1790 Velinos;

397 1813 473 1847 aut
499 1813 563 1857 tu,
590 1800 623 1846 si
650 1818 742 1863 qua
767 1801 839 1846 via
868 1815 949 1857 est,
977 1800 1010 1845 si
1038 1817 1179 1863 quam
1207 1800 1291 1846 tibi
1318 1800 1424 1846 diva
1450 1800 1651 1847 creatrix

396 1866 824 1930 ostendit—neque
850 1866 992 1923 enirn,
1020 1867 1175 1923 credo,
1203 1867 1302 1913 sine
1328 1866 1525 1912 numine
1549 1866 1710 1912 divom

396 1932 591 1979 flumina
616 1946 743 1979 tanta
768 1951 898 2007 paras
928 1933 1269 1996 Stygiamque
1257 1949 1422 1978 1nnare
1448 1933 1741 1995 paludem—-

396 1999 454 2046 da
479 1999 692 2045 dextram
717 2000 900 2057 misero,
929 2013 975 2045 et
1003 2012 1162 2046 tecum
1190 2016 1265 2046 me
1292 1999 1407 2046 tolle
1432 2015 1517 2061 per
1542 1998 1718 2045 undas·
1706 2018 1719 2054 3
1755 2021 1817 2052 370

396 2065 581 2112 sedibus
607 2079 659 2112 ut
683 2066 848 2112 saltem
873 2066 1105 2141 placidis
1094 2083 1144 2111 1n
1170 2079 1320 2112 morte
1345 2062 1621 2128 quiescam)

397 2132 507 2179 talia
530 2133 653 2179 fatus
679 2146 790 2190 erat,
817 2133 974 2194 coepit
999 2150 1108 2179 cum
1134 2132 1245 2179 talia
1269 2146 1424 2179 vates:

367 2199 521 2245 ‘unde
546 2201 681 2256 haec,
705 2217 733 2245 o
761 2200 999 2256 Palinure,
1027 2199 1110 2246 tibi
1137 2213 1233 2245 tam
1259 2199 1359 2245 dira
1384 2198 1592 2260 cupido?

398 2278 446 2311 tu
475 2266 651 2326 Stygias
678 2266 948 2313 inhumatus
975 2283 1114 2329 aquas
1140 2282 1425 2328 amnemque
1450 2280 1664 2311 severum

399 2332 719 2378 Eumenidum
746 2333 952 2394 aspicies,
981 2333 1187 2394 ripamve
1214 2332 1411 2378 iniussus
1435 2329 1616 2376 adibis?

397 2397 557 2443 desine
583 2398 678 2443 fata
703 2399 846 2444 deum
874 2399 998 2444 flecti
1026 2415 1207 2460 sperare
1232 2396 1484 2459 precando.

398 2463 479 2510 sed
502 2481 616 2526 cape
642 2465 768 2510 dicta
795 2482 989 2522 memor,
1017 2464 1120 2510 duri
1146 2463 1317 2510 solacia
1342 2481 1470 2510 casus
1495 2481 1505 2509 :

399 2548 507 2576 nam
534 2543 613 2577 tua
639 2531 843 2588 finitimi,
870 2531 1009 2591 longe
1035 2530 1224 2592 lateque
1250 2547 1331 2592 per
1355 2530 1490 2576 urbes

398 2597 618 2659 prodigiis
643 2597 732 2643 acti
758 2596 1050 2653 caelestibus,
1077 2613 1175 2642 ossa
1200 2596 1412 2658 piabunt,

399 2678 445 2710 et
469 2677 677 2710 statuent
703 2663 955 2719 tumulum,
983 2677 1029 2709 et
1054 2663 1240 2708 tumulo
1266 2663 1514 2709 sollemnia
1539 2663 1745 2719 mittent,

398 2743 738 2792 aeternumque
765 2729 895 2775 locus
923 2728 1132 2774 Palinuri
1159 2745 1334 2774 nomen
1359 2729 1583 2775 habebit.'
1753 2741 1810 2783 381
