1861 3256
513 261 844 300 GEORGICON
872 262 975 300 LIB.
1004 261 1070 299 IV
1491 262 1538 302 81

107 368 541 432 excipiat—neque
569 367 697 414 enim
723 368 828 429 plus
856 368 1056 430 septima
1082 367 1274 414 ducitur
1299 381 1516 416 aestas—

105 449 152 483 at
177 453 324 497 genus
351 435 602 482 inmortale
629 448 792 481 manet
817 436 1088 498 multosque
1113 453 1198 498 per
1223 453 1370 482 annos

104 516 194 550 stat
219 504 411 550 fortuna
436 503 604 549 domus
632 515 679 548 et
705 501 777 548 avi
804 516 1120 549 numerantur
1147 520 1356 550 avorum.

103 584 347 633 praeterea
371 586 528 631 regem
555 586 651 615 non
678 568 743 615 sic
769 569 1009 631 Aegyptos
1037 583 1084 616 et
1109 570 1277 631 ingens
1480 596 1542 618 210

102 637 254 698 Lydia
279 655 368 684 nec
394 637 560 700 populi
590 637 872 682 Parthorum
900 649 979 683 aut
1007 636 1183 684 Medus
1211 638 1460 701 Hydaspes

102 705 370 751 observant.
441 721 549 764 rege
575 703 809 750 incolumi
836 719 972 749 mens
999 704 1221 751 omnibus
1247 722 1341 752 una
1367 718 1436 752 est
1459 725 1472 759 ;

102 771 271 817 amisso
298 789 467 834 rupere
493 771 637 817 fidem
664 782 1030 833 constructaque
1058 771 1202 818 mella

101 838 340 900 diripuere
366 838 491 901 ipsae
518 851 563 884 et
589 851 736 885 crates
763 837 945 884 solvere
971 838 1205 886 favorum.

100 904 185 951 ille
211 922 408 967 operum
436 918 605 963 cust03‚
632 904 773 951 illum
801 904 1096 951 admirantur
1123 918 1169 952 et
1194 922 1358 952 omnes

101 972 409 1019 circumstant
436 972 627 1019 fremitu
654 972 802 1018 denso
830 971 1102 1034 stipantque
1128 973 1417 1036 frequenteS,

100 1052 148 1085 et
173 1056 311 1101 saepe
337 1040 566 1086 attollunt
593 1039 765 1085 umeris
793 1052 840 1086 et
866 1056 1064 1101 corpora
1084 1040 1214 1086 bello

98 1105 342 1153 obiectant
366 1107 713 1169 pulchramque
740 1119 915 1169 petunt
940 1124 1025 1169 per
1051 1107 1248 1153 vulnera
1274 1119 1493 1153 mortem.

164 1173 236 1219 his
262 1174 456 1236 quidam
482 1173 625 1235 signis
653 1187 796 1237 atque
822 1175 939 1220 haec
974 1174 1193 1236 exempla
1219 1174 1370 1221 secuti

98 1257 194 1287 esse
222 1241 387 1303 apibus
412 1254 595 1303 partem
623 1241 815 1287 divinae
842 1240 1015 1287 mentis
1043 1254 1089 1287 et
1114 1242 1309 1287 haustus
1358 1274 1364 1277 -
1479 1266 1540 1287 220

98 1307 332 1354 aetherios
358 1309 520 1355 dixere
543 1329 557 1366 ;
594 1309 739 1355 deum
768 1325 975 1371 namque
1002 1308 1068 1354 ire
1092 1325 1178 1371 per
1203 1325 1368 1355 omnes

98 1387 334 1438 terrasque
362 1388 638 1439 tractusque
666 1375 805 1422 maris
833 1376 1115 1439 caelumque
1139 1375 1432 1438 profundum
1456 1396 1470 1432 ;

96 1442 212 1488 hinc
238 1443 462 1504 pecudes,
492 1456 719 1501 armenta,
747 1442 883 1500 viros,
911 1459 1056 1503 genus
1082 1459 1225 1489 omne
1251 1443 1475 1501 ferarum,

98 1526 338 1572 quemque
365 1510 450 1555 sibi
480 1523 646 1556 tenues
675 1524 954 1556 nascentem
981 1527 1213 1556 arcessere
1239 1509 1355 1556 vitas
1377 1531 1391 1567 3

99 1576 282 1623 scilicet
306 1578 401 1623 huc
428 1577 562 1623 reddi
589 1577 762 1623 deinde
790 1594 842 1623 ac
868 1577 1076 1622 resoluta
1100 1576 1261 1622 referri

98 1643 275 1702 omnia,
303 1661 391 1690 nec
418 1644 560 1690 morti
589 1661 683 1690 esse
711 1644 888 1700 locum,
914 1644 995 1689 sed
1019 1643 1126 1689 viva
1151 1643 1311 1689 volare

98 1711 260 1757 sideris
285 1711 333 1756 in
360 1727 615 1757 numerum
643 1723 786 1773 atque
813 1711 908 1756 alto
934 1710 1191 1756 succedere
1218 1710 1369 1758 caelo-

164 1778 200 1824 si
227 1778 414 1841 quando
439 1778 599 1824 sedem
627 1790 873 1838 angustam
900 1790 1173 1840 servataque
1200 1778 1345 1823 mella

97 1845 324 1892 thesauris
349 1845 540 1903 relines,
566 1844 696 1908 prius
722 1846 892 1891 haustu
919 1862 1096 1907 sparsus
1122 1861 1349 1906 aquarum

95 1930 175 1959 ora
201 1913 310 1959 fove
337 1913 590 1975 fumosque
616 1929 760 1958 manu
786 1912 1048 1974 praetende
1075 1928 1313 1974 sequaces.
1475 1937 1537 1968 230

95 1980 164 2026 bis
189 1979 400 2040 gravidos
426 1992 603 2041 cogunt
629 1980 769 2037 fetus,
796 1980 891 2025 duo
917 1993 1132 2042 tempora
1158 1979 1331 2036 messis,

96 2047 313 2108 Taygete
340 2046 478 2093 simul
506 2065 554 2094 os
580 2047 715 2094 terris
743 2047 953 2093 ostendit
976 2048 1233 2093 honestum

97 2114 235 2172 Plias,
265 2127 311 2160 et
338 2114 524 2160 Oceani
553 2127 732 2177 spretos
757 2115 879 2177 pede
905 2113 1118 2176 reppulit
1144 2130 1321 2189 amnes,

96 2194 175 2227 aut
202 2181 366 2228 eadem
392 2181 516 2227 sidus
544 2181 728 2242 fugiens
757 2181 837 2227 ubi
867 2181 1013 2227 Piscis
1039 2181 1202 2243 aquosi

94 2247 272 2294 tristior
297 2248 516 2294 hibernas
542 2249 674 2295 caelo
700 2248 986 2294 descendit
974 2265 1025 2294 in
1052 2248 1217 2294 undaS.

95 2313 188 2360 illis
210 2314 276 2361 ira
290 2316 497 2392 modum
524 2333 660 2378 supra
689 2328 772 2374 est,
801 2316 1050 2378 laesaeque
1076 2331 1321 2361 venenum

96 2381 361 2429 morsibus
349 2383 581 2445 inspirant
608 2395 654 2430 et
680 2383 862 2446 spicula
889 2399 1029 2430 caeca
1054 2382 1336 2445 relinquunt

96 2447 277 2495 adfixae
302 2451 448 2509 venis,
477 2451 753 2514 animasque
781 2450 830 2496 in
856 2451 1056 2497 vulnere
1081 2462 1287 2512 ponunt.

96 2513 168 2559 sin
196 2513 356 2563 duram
382 2531 564 2565 metues
589 2518 800 2564 hiemem
826 2534 1085 2581 parcesque
1112 2517 1274 2563 futuro

96 2595 446 2646 contunsosque
473 2585 656 2631 animos
682 2598 729 2631 et
753 2602 824 2631 res
851 2585 1131 2631 miserabere
1158 2584 1339 2641 fractas,
1468 2606 1531 2637 240

97 2662 142 2695 at
169 2649 320 2696 suffire
346 2652 510 2712 thymo
536 2669 759 2715 cerasque
784 2652 996 2699 recidere
1022 2652 1187 2698 inanes

123 2737 198 2775 228
231 2744 443 2787 augustam.
501 2750 578 2788 230
608 2753 671 2777 ore
690 2741 787 2778 fave.
846 2752 920 2789 231
954 2740 1076 2778 flores.
1135 2751 1211 2788 239
1242 2745 1430 2775 metuens.

558 2803 631 2840 241
665 2792 822 2830 sufferre
842 2793 1011 2843 thymos.

760 2863 789 2892 G
