1861 3256
569 229 846 267 AENEIDOS
877 229 980 268 LIB.
1009 229 1073 266 IV
1503 232 1572 270 161

140 337 464 400 instauratque
489 335 617 382 diem
644 335 796 392 doniS,
824 336 1161 410 pecudumque
1186 335 1381 383 reclusis

141 404 412 467 pectoribus
439 402 628 449 inhians
655 401 881 465 spirantia
907 403 1114 450 consulit
1141 415 1262 450 exta.

141 472 236 517 heu
262 484 423 517 vatum
448 470 638 545 ignarae
663 470 882 516 mentes!
923 470 1038 532 quid
1063 484 1173 516 vota
1199 471 1458 528 furentem,

143 537 258 613 quid
285 538 481 584 delubra
507 536 711 582 iuvant?
749 549 817 582 est
842 537 1012 582 molles
1038 536 1227 584 flamma
1253 537 1487 584 medullas

142 605 339 662 interea,
368 617 414 651 et
439 603 636 650 tacitum
663 603 781 649 vivit
806 603 891 649 sub
916 616 1111 666 pectore
1136 605 1324 652 vulnus,

143 671 293 718 uritur
318 671 489 717 infelix
516 670 646 718 Dido
671 684 866 733 totaque
891 684 1085 731 vagatur

143 739 258 785 urbe
285 739 464 796 furens,
492 737 640 813 qualis
663 737 883 784 coniecta
910 755 1049 784 cerva
1076 739 1256 798 sagitta,

142 822 283 868 quam
309 805 515 868 procul
505 818 746 851 incautam
773 821 968 850 nemora
994 805 1121 851 inter
1149 805 1312 852 Cresia
1338 805 1442 851 fixit
1539 829 1579 859 70

141 886 300 935 pastor
327 890 467 933 agens
495 872 615 929 telis,
643 872 881 934 liquitque
907 871 1103 918 volatile
1131 872 1310 919 ferrum

143 939 327 987 nescius
353 958 363 986 :
401 939 484 985 illa
511 939 618 1000 fuga
646 939 781 985 silvas
809 938 1048 1001 saltusque
1073 952 1288 1001 peragrat

142 1007 368 1053 Dictaeos
390 1027 404 1063 3
440 1008 604 1052 haeret
629 1006 763 1052 lateri
790 1006 945 1052 letalis
970 1006 1202 1054 harundo,

143 1091 272 1120 nunc
299 1073 457 1119 media
480 1075 682 1120 Aenean
710 1090 870 1120 secum
896 1090 981 1135 per
1006 1073 1196 1119 moenia
1222 1073 1369 1130 ducit,

145 1140 458 1202 Sidoniasque
485 1153 691 1187 ostentat
717 1158 829 1203 opes
857 1141 1120 1203 urbemque
1144 1153 1354 1202 paratam
1377 1161 1390 1196 3

141 1207 315 1270 incipit
343 1207 488 1265 effari,
515 1208 768 1271 mediaque
795 1208 844 1254 in
870 1225 988 1254 voce
1014 1207 1185 1254 resistit
1210 1226 1220 1254 ε

143 1292 273 1321 nunc
302 1275 468 1321 eadem
494 1275 689 1321 labente
706 1275 793 1322 ‘die
820 1274 1039 1322 convivia
1066 1274 1265 1338 quaerit,

144 1342 412 1405 Iliacosque
438 1342 612 1389 iterum
638 1343 834 1389 demens
862 1342 1024 1389 audire
1050 1342 1233 1388 labores

146 1409 374 1471 exposcit,
401 1409 679 1472 pendetque
705 1410 879 1456 iterum
906 1409 1137 1455 narrantis
1164 1409 1222 1455 ab
1248 1424 1343 1455 ore.

143 1489 263 1539 post,
292 1476 371 1522 ubi
398 1476 605 1536 digressi,
634 1477 895 1539 lumenque
922 1477 1118 1522 obscura
1141 1475 1348 1522 vicissim
1540 1490 1581 1521 80

144 1544 259 1588 luna
284 1542 474 1605 premit,
503 1543 800 1606 suadentque
827 1543 1047 1590 cadentia
1073 1543 1225 1590 sidera
1251 1559 1455 1599 somnos,

145 1610 242 1655 sola
268 1610 410 1655 domo
437 1624 618 1656 maeret
643 1627 807 1667 vacua,
835 1610 1082 1672 stratisque
1108 1609 1287 1656 relictis

144 1676 341 1723 incubat
359 1695 375 1722 ;
414 1676 551 1722 illum
580 1677 743 1722 absens
771 1677 1016 1722 absentem
1043 1676 1269 1739 auditque
1295 1675 1539 1739 videtque,

145 1756 225 1790 aut
249 1743 428 1804 gremio
452 1743 715 1790 Ascanium
742 1743 968 1804 genitoris
995 1743 1204 1805 imagine
1232 1756 1369 1806 capta

144 1810 344 1867 detinet,
372 1810 627 1856 infandum
655 1810 690 1856 si
718 1811 886 1857 fallere
911 1811 1058 1873 possit
1083 1827 1310 1858 amorem.

143 1895 241 1924 non
269 1891 467 1940 coeptae
493 1877 754 1939 adsurgunt
782 1890 964 1924 turres·
951 1915 965 1936 ,
1004 1895 1102 1924 non
1130 1895 1256 1924 arma
1281 1877 1506 1925 iuventus

145 1958 351 2002 exercet,
377 1958 601 2007 portusve
629 1959 709 1992 aut
733 1946 1094 2020 propugnacula
1118 1945 1249 1991 bello

144 2026 244 2059 tuta
269 2025 472 2075 parant:
509 2013 730 2075 pendent
757 2030 898 2075 opera
925 2012 1207 2075 interrupta,
1236 2012 1490 2075 minaeque

143 2096 387 2127 murorum
413 2079 646 2140 ingentes,
676 2093 972 2142 aequataque
998 2079 1221 2126 machina
1248 2079 1397 2126 caelo.

210 2164 353 2210 quam
380 2146 519 2193 simul
547 2164 600 2193 ac
628 2147 710 2193 tali
737 2147 969 2209 persensit
994 2160 1128 2210 peste
1154 2146 1307 2193 teneri
1539 2170 1581 2201 90

144 2232 249 2261 cara
275 2214 400 2260 Iovis
428 2214 657 2272 coniunx,
684 2232 774 2261 nec
802 2215 979 2261 famam
1004 2215 1189 2260 obstare
1216 2213 1376 2271 furori,

144 2281 316 2329 talibus
342 2281 614 2342 adgreditur
639 2283 883 2328 Venerem
912 2282 1131 2329 Saturnia
1158 2281 1296 2328 dictis
1322 2299 1332 2327 :

149 2349 380 2410 egregiam
406 2366 517 2396 vero
543 2350 736 2396 laudem
763 2362 810 2396 et
835 2349 984 2412 spolia
1010 2350 1167 2412 ampla
1192 2348 1377 2395 refertis

148 2428 293 2477 tuque
309 2435 523 2480 puerque
545 2430 650 2464 tuus
674 2438 688 2474 ;
725 2434 950 2478 magnum
973 2430 1019 2464 et
1039 2416 1349 2463 memorabile
1369 2431 1563 2473 nomen,

148 2499 242 2528 una
267 2483 377 2530 dolo
403 2485 563 2531 divom
590 2484 624 2531 si
652 2485 832 2531 femina
858 2485 983 2531 victa
1009 2485 1213 2531 duorum
1241 2498 1324 2531 est.

148 2565 238 2595 nec
259 2565 334 2596 me
361 2552 477 2598 adeo
503 2552 643 2609 fallit,
670 2552 870 2598 veritam
899 2565 945 2598 te
971 2551 1162 2598 moenia
1187 2564 1344 2598 nostra

148 2628 383 2677 suspectas
408 2619 624 2665 habuisse
650 2618 815 2665 domos
844 2618 1148 2680 Carthaginis
1174 2619 1312 2665 altae.

149 2683 230 2729 sed
257 2682 359 2745 quis
387 2684 472 2757 erit
498 2685 681 2742 modus,
707 2698 787 2732 aut
813 2703 906 2748 quo
933 2703 1063 2732 nunc
1090 2685 1351 2732 certamine
1379 2686 1549 2730 tanto?

707 2776 759 2813 94
787 2778 946 2802 numen.

823 2837 860 2865 M
