1861 3256
607 207 881 245 AENEIDOS
912 207 1015 245 LIB.
1044 207 1063 244 I
1518 219 1587 244 111

151 317 319 380 viginti
345 331 515 373 tauros,
540 332 821 377 magnorum
846 315 1085 363 horrentia
1111 330 1307 363 centum

152 399 278 446 terga
303 402 454 439 suum,
476 383 674 446 pingues
700 397 898 428 centum
924 399 1035 429 cum
1061 383 1285 430 matribus
1312 398 1470 443 agnos,

151 469 348 498 munera
374 450 690 513 laetitiamque
716 448 807 496 dei.

152 533 197 566 at
222 519 389 565 domus
414 517 606 564 interior
631 515 773 577 regali
801 515 1045 578 splendida
1069 517 1186 563 luxu

152 586 414 642 instruitur,
442 584 703 646 mediisque
728 596 893 645 parant
920 583 1137 630 convivia
1162 583 1299 631 tectis
1323 602 1334 631 ε

152 667 247 699 arte
275 653 505 699 laboratae
531 664 679 697 vestes
704 663 921 713 ostroque
947 650 1163 712 superbo,

153 720 319 780 ingens
345 732 593 779 argentum
619 717 808 774 mensiS,
834 717 1106 780 caelataque
1132 718 1180 763 in
1208 735 1319 764 auro
1529 731 1591 771 640

154 787 292 833 fortia
316 787 438 833 facta
463 799 666 848 patrum,
692 784 828 830 series
855 783 1123 844 longissima
1147 802 1303 831 rerum

153 870 236 916 per
261 866 330 900 tot
355 853 498 900 ducta
523 852 643 898 viros
668 851 860 915 antiqua
884 851 940 897 ab
967 851 1145 913 origine
1171 852 1337 912 gentis.

219 922 628 983 Aeneas—neque
656 919 785 965 enim
811 918 985 981 patrius
1011 919 1264 965 consistere
1291 932 1503 965 mentem

152 1004 308 1050 passus
335 986 749 1050 amor—rapidum
775 986 833 1032 ad
858 1003 996 1032 naves
1022 986 1281 1049 praemittit
1305 987 1537 1041 Achaten,

153 1053 358 1100 Ascanio
383 1054 502 1100 ferat
526 1055 655 1109 haec,
684 1053 932 1117 ipsumque
959 1053 1016 1099 ad
1041 1053 1228 1100 moenia
1252 1054 1394 1100 ducat
1416 1074 1430 1110 3

155 1120 307 1167 omnis
334 1121 382 1167 in
409 1120 614 1167 Ascanio
641 1120 733 1168 cari
760 1134 847 1167 stat
873 1137 984 1167 cura
1007 1121 1227 1183 parentis.
1460 1134 1462 1136 ’

154 1205 351 1234 munera
375 1202 613 1251 praeterea
639 1188 796 1234 Iliacis
825 1202 982 1250 erepta
1006 1188 1152 1234 ruinis

155 1256 274 1302 ferre
301 1255 448 1312 iubet,
474 1256 648 1318 pallam
674 1255 813 1315 signis
841 1272 1042 1318 auroque
1069 1255 1300 1316 rigentem

154 1336 201 1369 et
226 1323 598 1369 circumtextum
624 1339 791 1368 croceo
816 1323 1033 1369 velamen
1059 1325 1275 1379 acantho,

155 1403 342 1436 ornatus
367 1389 569 1449 Argivae
596 1390 829 1446 Helenae,
858 1407 972 1453 quos
998 1390 1079 1436 illa
1107 1389 1343 1451 MyceniS‚
1534 1404 1596 1442 650

158 1456 380 1517 Pergama
406 1473 517 1502 cum
542 1470 723 1519 peteret
749 1456 1143 1520 inconcessosque
1170 1458 1469 1518 hymenaeos,

156 1524 402 1579 extulerat,
430 1523 588 1570 matris
614 1523 772 1570 Ledae
798 1523 1012 1570 mirabile
1038 1524 1216 1570 donum
1240 1544 1253 1580 3

155 1603 392 1653 praeterea
417 1604 669 1653 sceptrum,
699 1591 852 1637 Ilione
879 1591 1005 1654 quod
1029 1604 1225 1651 gesserat
1251 1590 1382 1648 olim,

156 1657 361 1703 maxima
386 1671 601 1703 natarum
629 1657 814 1714 Priami,
844 1658 1065 1720 colloque
1091 1657 1270 1704 monile

156 1725 372 1771 bacatum
399 1737 445 1770 et
469 1724 712 1786 duplicem
739 1724 938 1784 gemmis
963 1742 1168 1788 auroque
1196 1741 1434 1771 coronam.

154 1793 270 1838 haec
298 1792 506 1838 celerans
532 1791 619 1837 iter
645 1791 702 1837 ad
728 1808 868 1838 naves
894 1792 1118 1839 tendebat
1142 1793 1362 1838 AchateS.

222 1872 268 1905 at
295 1858 534 1921 Cytherea
558 1875 699 1904 novas
727 1872 862 1915 artes,
888 1876 1010 1905 nova
1035 1873 1225 1922 pectore
1251 1873 1401 1906 versat

155 1925 365 1981 consilia,
394 1939 446 1972 ut
472 1925 642 1972 faciem
669 1939 876 1972 mutatus
904 1941 950 1973 et
975 1944 1053 1973 ora
1080 1926 1271 1989 Cupido

152 2010 239 2055 pro
263 1993 393 2039 dulci
419 1993 626 2039 Ascanio
652 1993 827 2051 veniat,
855 1994 1084 2059 donisque
1110 1995 1349 2041 furentem

155 2060 378 2107 incendat
403 2060 614 2121 reginam
641 2074 781 2124 atque
809 2061 985 2108 ossibus
1012 2061 1210 2124 inplicet
1236 2061 1412 2122 ignem.
1535 2075 1597 2106 660

156 2127 332 2190 quippe
358 2127 554 2174 domum
575 2127 711 2175 timet
738 2128 1009 2189 ambiguam
1031 2129 1298 2192 Tyriosque
1325 2129 1559 2190 bilingues
1582 2148 1595 2184 3

156 2194 247 2240 urit
273 2208 405 2241 atrox
432 2195 572 2252 Iun0,
600 2209 646 2241 et
671 2195 756 2242 sub
784 2211 976 2242 noctem
1003 2213 1113 2243 cura
1138 2210 1359 2243 recursat.

157 2277 263 2321 ergo
287 2262 356 2308 his
382 2261 610 2323 aligerum
636 2262 772 2309 dictis
800 2263 984 2310 adfatur
1007 2265 1232 2310 Amorem
1257 2283 1267 2311 ε

159 2341 279 2384 nate,
306 2345 438 2376 meae
462 2329 599 2386 vires,
625 2347 730 2376 mea
755 2346 923 2391 magna
951 2331 1160 2393 potentia
1185 2332 1322 2388 solus,

157 2407 281 2451 nate,
308 2395 453 2442 Patris
481 2397 652 2443 summi
679 2397 759 2460 qui
789 2399 882 2444 tela
910 2398 1133 2460 Typhoia
1160 2399 1349 2456 temnis,

158 2460 216 2505 ad
240 2474 283 2506 te
310 2463 534 2525 confugio
561 2478 607 2510 et
633 2465 831 2527 supplex
860 2479 939 2511 tua
964 2465 1164 2512 numina
1189 2483 1345 2528 posco.

160 2527 298 2572 frater
322 2542 374 2575 ut
397 2531 579 2577 Aeneas
605 2533 771 2594 pelago
799 2546 906 2579 tuus
934 2532 1093 2579 omnia
1119 2532 1300 2579 circum

158 2593 293 2639 litora
318 2593 515 2643 iactetur
540 2599 656 2644 odiis
682 2599 881 2646 Iunonis
907 2600 1115 2657 acerbae,

159 2673 268 2706 nota
294 2660 394 2717 tibi,
422 2676 467 2708 et
493 2678 650 2711 nostro
674 2666 865 2713 doluisti
892 2684 1027 2730 saepe
1054 2668 1229 2715 dolore.

265 2737 340 2785 636
372 2737 434 2775 dii.
493 2740 567 2787 642
599 2741 786 2790 antiquae.
853 2743 928 2781 668
960 2745 1203 2794 iacteturque.
1261 2744 1421 2793 iniquae.
