1866 3208
275 277 351 305 212
721 261 764 299 P.
794 257 1029 297 VERGILI
1059 259 1314 297 MARONIS

343 370 669 433 pallentesque
694 366 906 413 habitant
934 366 1108 423 Morbi,
1137 365 1369 428 tristisque
1398 365 1643 420 Senectus,

345 451 391 484 et
418 437 596 491 Metus,
624 446 670 479 et
696 432 958 478 malesuada
984 433 1160 490 Fames,
1187 449 1238 479 ac
1266 431 1412 494 turpis
1439 431 1641 491 Egestas,

346 502 576 551 terribiles
601 499 700 545 visu
727 499 918 555 formae,
945 498 1230 562 Letumque,
1256 499 1533 560 Labosque;

345 583 445 616 tum
472 565 844 626 consanguineus
872 564 980 622 Leti
1005 566 1164 628 Sopor,
1191 579 1237 612 et
1262 565 1382 610 mala
1407 564 1578 610 mentis

346 634 547 689 Gaudia,
573 631 963 695 mortiferumque
989 632 1180 678 adverso
1205 632 1254 677 in
1282 630 1448 678 limine
1475 630 1682 685 Bellum,

345 701 575 762 ferreique
635 698 956 745 Eumenidum
1016 698 1224 755 thalami,
1282 712 1327 743 et
1384 695 1630 743 Discordia
1686 696 1767 742 de-

477 783 624 822 menS,
1708 777 1770 808 280

344 833 586 896 vipereum
613 832 794 878 crinem
819 831 943 878 vittis
968 831 1143 878 innexa
1168 830 1389 878 cruentiS.

345 900 394 946 in
421 899 576 946 medio
602 915 750 945 ramos
776 915 1042 962 annosaque
1069 897 1285 944 bracchia
1307 896 1473 960 pandit

347 967 501 1013 ulmus
526 981 683 1027 opaca,
709 964 890 1025 iugem,
916 982 1055 1028 quam
1081 965 1238 1011 sedem
1267 963 1457 1010 Somnia
1481 962 1623 1023 vulgo

345 1050 463 1079 vana
489 1046 648 1079 tenere
674 1031 845 1087 ferunt,
874 1031 1091 1094 foliisque
1117 1032 1202 1077 sub
1227 1030 1445 1077 omnibus
1471 1031 1680 1075 haerent.

345 1100 589 1163 multaque
614 1112 851 1161 praeterea
877 1097 1109 1144 variarum
1135 1112 1343 1144 monstra
1367 1098 1570 1143 ferarum

348 1166 578 1213 Centauri
604 1166 652 1211 in
680 1164 854 1211 foribus
884 1164 1132 1220 stabulant,
1160 1165 1439 1226 Scyllaeque
1466 1162 1703 1218 biformes,

347 1246 393 1280 et
418 1231 830 1292 centumgeminus
858 1230 1082 1286 Briareus,
1111 1247 1160 1277 ac
1190 1231 1327 1276 belua
1351 1230 1532 1276 Lernae

347 1299 634 1345 horrendum
661 1298 873 1352 stridens,
904 1296 1196 1360 flammisque
1223 1310 1397 1343 armata
1423 1295 1686 1349 Chimaera,

348 1366 610 1426 Gorgones,
640 1364 993 1427 Harpyiaeque,
1022 1378 1069 1410 et
1099 1363 1246 1409 forma
1272 1361 1538 1425 tricorporis
1564 1361 1766 1407 umbrae.

348 1432 540 1495 corripit
565 1431 641 1478 hic
670 1431 820 1478 subita
849 1430 1057 1493 trepidus
1084 1429 1335 1476 formidine
1361 1428 1539 1475 ferrum
1713 1450 1772 1482 29c

348 1502 548 1555 AeneaS,
574 1498 879 1560 strictamque
907 1497 1057 1543 aciem
1084 1496 1383 1542 venientibus
1409 1495 1559 1551 offert,

348 1580 409 1620 et,
438 1566 484 1611 ni
513 1566 649 1612 docta
675 1581 829 1611 comes
856 1578 1021 1610 tenues
1048 1563 1146 1610 sine
1173 1579 1365 1626 corpore
1390 1561 1507 1608 vitas

350 1633 599 1679 admoneat
624 1631 819 1677 volitare
846 1648 958 1677 cava
983 1630 1068 1676 sub
1093 1630 1299 1690 imagine
1325 1629 1517 1683 formae,

350 1700 523 1756 inruat,
551 1712 595 1744 et
621 1698 788 1744 frustra
813 1697 934 1744 ferro
960 1696 1225 1743 diverberet
1251 1695 1451 1742 umbras·

416 1765 528 1812 hinc
554 1765 628 1810 via
655 1763 872 1810 Tartarei
900 1780 1020 1826 quae
1047 1763 1136 1809 fert
1160 1762 1442 1809 Acherontis
1467 1761 1526 1807 ad
1551 1760 1715 1807 undas.

280 1874 282 1877 .
351 1832 564 1880 turbidus
589 1831 665 1877 hic
694 1847 841 1877 caeno
866 1844 1086 1893 vastaque
1111 1829 1328 1889 voragine
1353 1845 1519 1890 gurges

352 1912 532 1946 aestuat
558 1913 696 1961 atque
721 1913 911 1943 omnem
939 1896 1124 1958 Cocyto
1150 1908 1332 1942 eructat
1356 1896 1595 1942 harenam.

350 1965 549 2028 portitor
569 1966 649 2010 has
674 1964 933 2010 horrendus
959 1980 1099 2026 aquas
1125 1976 1172 2009 et
1197 1961 1394 2009 flumina
1421 1974 1568 2008 servat

354 2031 550 2079 terribili
578 2031 793 2094 squalore
822 2030 1046 2077 Charon:
1084 2029 1160 2076 cui
1186 2028 1391 2091 plurima
1416 2041 1579 2074 mento

352 2098 548 2146 'canities
574 2098 757 2144 inculta
784 2097 906 2142 iacet
930 2117 943 2153 ;
981 2109 1103 2142 stant
1128 2095 1310 2141 lumina
1336 2094 1559 2151 flamma3
1717 2115 1780 2148 300
1838 2113 1846 2124 ·

353 2166 560 2212 sordidus
586 2181 644 2211 ex
672 2164 844 2210 umeris
871 2163 994 2209 nodo
1019 2162 1253 2224 dependet
1279 2161 1494 2208 amictus.

351 2233 450 2294 ipse
476 2246 624 2278 ratem
651 2245 793 2278 conto
819 2229 990 2290 subigit
1016 2229 1226 2291 velisque
1252 2227 1503 2283 ministrat,

353 2312 399 2345 et
427 2298 691 2359 ferruginea
719 2298 962 2344 subvectat
989 2313 1178 2358 corpora
1202 2295 1390 2350 cumba,

353 2365 447 2411 iam
472 2365 656 2421 senior3
693 2364 772 2410 sed
799 2363 942 2409 cruda
968 2362 1055 2408 deo
1080 2361 1333 2424 viridisque
1359 2372 1587 2406 senectUS.

324 2433 447 2478 -huc
473 2430 627 2477 omnis
653 2431 788 2476 turba
816 2429 873 2475 ad
898 2428 1018 2490 ripas
1047 2427 1191 2473 effusa
1215 2427 1397 2483 ruebat,

355 2511 525 2545 matres
552 2510 692 2559 atque
717 2495 822 2551 viri,
847 2495 1166 2556 defunctaque
1194 2510 1385 2555 corpora
1409 2492 1506 2538 vita

291 2582 301 2594 ·
355 2563 709 2625 magnanimum
735 2563 948 2616 heroum,
977 2560 1110 2623 pueri
1137 2560 1462 2622 innuptaeque
1488 2558 1689 2620 puellae,

354 2630 642 2694 inpositique
668 2628 788 2690 rogis
813 2627 1007 2674 iuvenes
1033 2639 1140 2672 ante
1166 2643 1246 2672 ora
1270 2639 1549 2688 parentum:

357 2714 498 2761 quam
524 2697 674 2744 multa
699 2695 748 2742 in
775 2694 902 2742 silvis
923 2692 1141 2740 autumni
1169 2692 1337 2754 frigore
1362 2691 1515 2755 primo

898 2782 973 2822 300
1003 2770 1190 2808 flammae.

1857 2985 1866 3208 --«..-.-,-,..
1861 2959 1866 2973 -
