1861 3256
589 238 863 276 AENEIDOS
894 238 996 276 LIB.
1025 238 1067 276 11
1512 250 1582 276 121

147 349 400 395 sollemnes
425 360 612 393 taurum
637 346 883 406 ingentem
909 347 1143 394 mactabat
1169 346 1227 393 ad
1253 364 1362 393 aras.

147 433 260 462 ecce
287 429 444 462 autem
468 413 646 474 gemini
673 430 696 458 a
723 413 928 459 Tenedo
953 414 1207 478 tranquilla
1231 431 1314 476 per
1340 414 1501 460 alta——

145 484 364 529 horresco
388 479 894 528 referens—inmensis
921 481 1111 527 orbibus
1137 498 1310 542 angues

144 549 434 596 incumbunt
458 549 642 611 pelago,
667 547 936 610 pariterque
963 548 1020 594 ad
1045 549 1181 595 litora
1206 548 1412 595 tendunt
1435 569 1448 604 3

144 630 336 678 pectora
362 632 562 679 quorum
588 614 712 660 inter
738 613 910 660 fluctus
938 630 1115 662 arrecta
1140 616 1372 679 iubaeque

144 683 427 744 sanguineae
455 695 677 745 superant
704 681 850 727 undas
875 703 888 738 ;
924 698 1027 743 pars
1053 696 1211 729 cetera
1236 697 1439 746 pontum

142 767 267 812 pone
296 750 428 811 legit,
454 749 737 811 sinuantque
765 748 982 795 inmensa
1008 750 1252 796 volumine
1279 763 1407 811 terga
1429 770 1443 806 ;

143 816 195 864 fit
222 816 400 863 sonitus
425 829 672 879 spumante
701 817 811 863 salo.
883 815 1070 879 iamque
1098 834 1203 862 arva
1229 818 1469 873 tenebant,

143 884 454 947 ardentesque
481 883 644 930 oculos
671 882 857 930 suffecti
885 883 1111 943 sanguine
1138 897 1184 929 et
1209 884 1308 945 igni
1523 909 1584 929 210

142 951 276 997 sibila
302 950 575 997 lambebant
601 950 773 1010 linguis
798 950 1090 996 vibrantibus
1115 968 1210 997 ora.

141 1017 416 1079 diffugimus
443 1017 543 1064 visu
571 1034 829 1079 exsangues
853 1036 863 1064 :
902 1018 972 1064 illi
1000 1018 1185 1079 agmine
1213 1031 1344 1064 certo

141 1085 416 1131 Laocoonta
439 1098 610 1147 petunt
631 1105 646 1141 3
682 1097 729 1132 et
754 1085 960 1147 primum
985 1103 1124 1147 parva
1150 1086 1353 1132 duorum

142 1168 338 1215 corpora
363 1165 584 1199 natorum
611 1169 798 1215 serpens
825 1154 1066 1215 amplexus
1093 1166 1289 1215 uterque

141 1218 358 1281 inplicat,
385 1233 430 1266 et
456 1219 647 1266 miseros
673 1236 828 1266 morsu
854 1219 1121 1282 depascitur
1146 1234 1268 1266 artus
1292 1239 1306 1276 ;

140 1299 243 1348 post
269 1286 440 1348 ipsum,
467 1287 644 1333 auxilio
670 1287 950 1333 subeuntem
975 1304 1026 1333 ac
1054 1280 1146 1333 tela
1173 1287 1423 1344 ferentem,

142 1353 423 1415 corripiunt,
450 1354 675 1417 spirisque
703 1354 850 1415 ligant
875 1353 1147 1415 ingentibus
1169 1374 1183 1410 3
1221 1367 1266 1400 et
1291 1354 1385 1400 iam

142 1420 210 1466 bis
237 1420 449 1467 medium
476 1421 700 1483 amplexi,
727 1421 795 1467 bis
821 1421 944 1467 collo
970 1437 1188 1484 squamea
1214 1421 1399 1468 circum

141 1500 268 1549 terga
294 1488 406 1544 dati,
433 1502 653 1550 superant
679 1488 832 1551 capite
859 1501 904 1535 et
931 1488 1195 1535 cervicibus
1220 1488 1341 1536 altis,

140 1554 221 1601 ille
249 1555 387 1601 simul
414 1555 629 1602 manibus
655 1555 808 1602 tendit
833 1555 1058 1602 divellere
1084 1555 1248 1611 nodos,
1525 1580 1587 1601 220

139 1622 354 1684 perfusus
380 1622 504 1668 sanie
531 1623 667 1669 vittas
694 1635 884 1685 atroque
909 1639 1094 1669 veneno
1116 1642 1130 1678 ;

141 1689 366 1736 clamores
394 1689 532 1735 simul
558 1690 814 1735 horrendos
840 1689 897 1735 ad
923 1689 1070 1735 sidera
1094 1689 1218 1736 tollit
1243 1707 1253 1736 :

139 1756 287 1819 qualis
314 1756 537 1817 mugitus,
564 1756 685 1817 fugit
711 1773 821 1802 cum
847 1756 1031 1803 saucius
1056 1773 1180 1803 aram

137 1837 294 1870 taurus
320 1836 365 1870 et
390 1837 622 1870 lncertam
648 1837 853 1870 excusslt
880 1840 1063 1870 cervice
1089 1840 1310 1871 securim.

137 1903 182 1936 at
206 1890 385 1952 gemini
412 1890 541 1953 lapsu
567 1890 762 1938 delubra
786 1890 844 1937 ad
869 1908 1050 1937 summa
1074 1892 1300 1938 dracones

137 1957 388 2020 effugiunt,
414 1975 665 2023 saevaeque
690 1972 860 2021 petunt
887 1958 1151 2005 Tritonidis
1176 1976 1350 2016 arcem,

138 2025 223 2072 sub
247 2025 539 2089 pedibusque
566 2025 695 2083 deae,
722 2026 959 2090 clipeique
987 2026 1071 2073 sub
1096 2026 1205 2073 orbe
1231 2038 1470 2087 teguntur.

137 2105 239 2139 tum
269 2109 376 2139 vero
402 2093 677 2140 tremefacta
703 2110 852 2140 novus
878 2110 960 2156 per
985 2106 1175 2156 pectora
1201 2093 1386 2139 cunctis

137 2159 344 2206 insinuat
370 2177 513 2223 pavor
534 2179 549 2214 ;
586 2174 631 2207 et
657 2160 805 2207 scelus
831 2160 1108 2223 expendisse
1134 2173 1398 2207 merentem

137 2226 410 2274 Laocoonta
435 2228 611 2284 ferunt,
637 2244 818 2274 sacrum
845 2227 926 2291 qui
954 2227 1147 2290 cuspide
1172 2227 1314 2274 robur
1522 2251 1584 2282 230

137 2293 336 2352 laeserit,
362 2307 409 2341 et
434 2307 564 2356 tergo
591 2295 862 2341 sceleratam
889 2294 1127 2342 intorserit
1152 2296 1347 2342 hastam.

138 2359 411 2408 ducendum
437 2362 494 2408 ad
519 2362 646 2409 sedes
673 2362 995 2420 simulacrum,
1020 2362 1286 2425 orandaque
1311 2362 1445 2408 divae

139 2428 335 2474 numina
361 2429 678 2476 conclamant.

139 2492 392 2542 dividimus
418 2513 576 2544 muros
601 2510 646 2544 et
672 2497 858 2544 moenia
885 2497 1134 2561 pandimus
1159 2497 1301 2544 urbis.

141 2560 397 2621 accingunt
422 2580 584 2610 omnes
610 2564 759 2628 operi,
785 2564 1076 2628 pedibusque
1101 2578 1309 2611 rotarum

141 2626 380 2674 subiciunt
405 2629 573 2693 lapsuS,
599 2644 644 2678 et
670 2646 864 2694 stuppea
888 2632 1081 2678 vincula
1106 2632 1232 2678 collo

140 2692 411 2742 intendunt.
483 2698 662 2744 scandit
687 2698 835 2744 fatalis
861 2699 1082 2744 machina
1107 2714 1281 2754 murOS,

659 2775 734 2812 226
766 2773 987 2823 diffugiunt.
