1861 3256
553 258 885 296 GEORGICON
915 258 1018 295 LIB.
1047 258 1111 294 IV
1530 271 1579 308 79

148 383 195 416 et
221 386 331 415 cum
358 367 498 415 tristis
525 367 711 429 hiemps
739 366 1002 413 etiamnum
1028 366 1199 427 frigore
1226 384 1333 412 saxa

146 448 389 499 rumperet
415 448 461 481 et
485 433 634 494 glacie
662 450 822 479 cursus
849 434 1060 480 frenaret
1085 451 1328 496 aquarum,

148 503 232 549 ille
259 519 442 549 comam
467 501 662 547 mollis
652 517 745 546 lam
773 500 1002 546 tondebat
1026 500 1274 563 hyacinthi

148 583 374 616 aestatem
399 567 688 629 increpitans
715 584 865 614 seram
894 567 1236 642 Zephyrosque
1262 581 1513 614 morantes,

148 653 256 711 ergo
283 636 447 699 apibus
473 635 580 681 fetis
606 635 736 680 idem
763 647 903 696 atque
933 635 1150 681 examine
1177 635 1330 682 multo

148 705 326 766 primus
354 703 592 749 abundare
620 715 666 748 et
691 701 958 764 spumantia
985 719 1152 762 cogere
1178 702 1345 765 pressis
1525 728 1584 755 140

147 771 291 817 mella
317 770 469 816 favis·
457 791 470 827 ;
507 769 578 815 illi
605 769 734 815 tiliae
762 782 902 843 atqu-e
930 768 1168 815 uberrima
1193 770 1351 831 pinus,

147 851 360 901 quotque
385 837 434 883 in
461 837 574 883 flore
601 853 726 882 novo
752 835 906 898 pomis
932 852 977 881 se
1004 836 1171 881 fertilis
1198 837 1330 883 arbos

147 905 381 961 induerat,
409 904 610 950 totidem
637 917 870 949 autumno
895 917 1076 949 matura
1104 904 1312 950 tenebat.

147 971 228 1017 ille
256 971 399 1017 etiam
425 988 546 1017 seras
571 971 621 1016 in
647 987 834 1017 versum
860 970 1046 1016 distulit
1072 970 1223 1017 ulmos

148 1039 438 1100 eduramque
464 1038 620 1100 pirum
650 1050 696 1084 et
722 1037 879 1100 spinos
906 1037 1000 1083 iam
1026 1055 1178 1099 pruna
1205 1038 1409 1084 ferentes

146 1105 337 1168 iamque
363 1105 713 1151 ministrantem
738 1106 989 1167 platanum
1015 1105 1290 1167 potantibus
1315 1104 1519 1150 umbras.

146 1189 312 1219 verum
336 1173 454 1219 haec
480 1172 579 1235 ipse
607 1172 827 1235 equidem
854 1172 1013 1234 spatiis
1041 1172 1258 1218 exclusus
1284 1171 1460 1234 iniquis

147 1253 393 1302 praetereo
419 1253 561 1302 atque
588 1240 688 1285 aliis
715 1253 819 1301 post
845 1256 921 1285 me
948 1239 1253 1285 memoranda
1278 1238 1516 1301 relinquo.

216 1324 345 1353 nunc
373 1323 471 1367 age,
501 1320 690 1352 naturas
718 1307 883 1368 apibus
911 1324 1023 1369 quas
1050 1306 1269 1368 Iuppiter
1293 1305 1393 1367 ipse

148 1374 347 1430 addidit,
374 1374 642 1436 expediam,
669 1391 754 1435 pro
782 1391 874 1436 qua
901 1373 1120 1420 mercede
1147 1390 1341 1419 canoros
1527 1397 1588 1425 130

149 1441 386 1488 Curetum
413 1441 590 1487 sonitus
619 1440 998 1503 crepitantiaque
1026 1457 1129 1486 aera
1154 1453 1343 1486 secutae

146 1508 349 1555 Dictaeo
375 1508 495 1554 caeli
522 1524 682 1568 regem
707 1525 876 1570 pavere
903 1508 988 1554 sub
1015 1521 1166 1554 antro.

147 1575 272 1621 solae
300 1591 579 1621 communes
607 1589 756 1632 natOS,
785 1574 1021 1621 consortia
1048 1588 1173 1621 tecta

148 1642 274 1689 urbis
299 1643 493 1699 habent,
520 1642 797 1705 magnisque
824 1641 1002 1702 agitant
1029 1642 1114 1687 sub
1140 1641 1323 1701 legibus
1349 1658 1533 1698 aevum,

150 1724 196 1756 et
220 1710 417 1772 patriam
444 1710 569 1755 solae
599 1723 645 1755 et
671 1723 822 1755 certos
848 1725 1023 1755 novere
1053 1709 1252 1754 Penates
1279 1729 1292 1764 ;

147 1791 470 1839 venturaeque
496 1776 667 1822 hiemis
693 1793 928 1822 memores
954 1788 1130 1822 aestate
1157 1775 1370 1821 laborem

147 1844 460 1906 experiuntur
486 1858 532 1890 et
557 1843 607 1889 in
633 1843 848 1889 medium
874 1843 1086 1906 quaesita
1110 1856 1365 1906 reponunt.

147 1928 354 1974 namque
381 1911 499 1957 aliae
525 1911 657 1958 victu
685 1911 939 1972 invigilant
964 1925 1011 1957 et
1037 1911 1229 1957 foedere
1253 1924 1395 1972 pacto

147 1991 432 2025 exercentur
458 1978 611 2039 agris3
646 1996 752 2041 pars
777 1978 900 2024 intra
927 1992 1084 2040 saepta
1108 1978 1360 2024 domorum

145 2045 336 2091 narcissi
363 2045 608 2092 lacrimam
635 2060 682 2092 et
707 2046 893 2092 lentum
920 2046 977 2092 de
1004 2045 1181 2092 cortice
1207 2045 1376 2105 gluten
1528 2059 1589 2090 160

145 2112 297 2174 prima
323 2112 437 2159 favis
462 2126 651 2174 ponunt
676 2113 973 2170 fundamina,
1001 2112 1173 2159 deinde
1200 2125 1390 2158 tenaces

146 2180 443 2242 suspendunt
469 2197 596 2226 ceras
620 2201 634 2237 ;
672 2180 791 2226 aliae
817 2197 950 2242 spem
975 2179 1126 2240 gentis
1154 2179 1338 2225 adultos

148 2246 360 2293 educunt
385 2247 510 2293 fetus
534 2267 547 2303 3
585 2247 700 2293 aliae
726 2246 974 2309 purissima
1001 2246 1145 2293 mella

148 2313 339 2376 stipant,
367 2327 414 2360 et
439 2314 623 2377 liquido
651 2314 931 2360 distendunt
957 2328 1150 2360 nectare
1177 2313 1335 2360 cellas.

149 2395 274 2437 sunt,
299 2381 472 2444 quibus
498 2382 555 2428 ad
579 2396 737 2444 portas
764 2381 941 2427 cecidit
968 2380 1180 2428 custodia
1206 2381 1332 2438 sorti,

148 2445 294 2509 inque
318 2448 475 2495 vicem
501 2449 808 2524 speculantur
834 2466 975 2511 aquas
1002 2461 1049 2495 et
1069 2448 1235 2494 nubila
1261 2446 1416 2493 caeli·
1403 2482 1417 2502 ,

150 2526 231 2559 aut
255 2531 397 2562 onera
423 2516 669 2578 accipiunt
695 2516 997 2572 venientum,
1025 2529 1105 2562 aut
1133 2515 1320 2576 agmine
1347 2515 1475 2560 facto

149 2579 371 2639 ignavum
397 2583 529 2629 fucos
554 2600 700 2646 pecus
728 2601 752 2629 a
778 2583 1082 2646 praesepibus
1110 2595 1291 2629 arcent.

149 2646 302 2692 fervet
326 2665 457 2709 opus,
481 2651 797 2713 redolentque
824 2652 990 2712 thymo
1018 2649 1266 2711 fragrantia
1292 2648 1452 2694 mella.

149 2730 202 2758 ac
229 2713 378 2760 veluti
405 2715 544 2762 lentis
573 2717 810 2779 Cyclopes
836 2717 1040 2763 fulmina
1066 2717 1224 2763 massis
1527 2737 1587 2766 170

552 2805 622 2841 141
655 2795 772 2833 tinus.
888 2796 961 2843 169
990 2795 1117 2832 fervit.
