1861 3256
707 254 752 292 P.
781 253 1015 291 VERGILI
1045 253 1305 291 MARONIS

321 363 478 409 Aonas
503 361 553 407 in
579 375 762 407 montes
790 375 842 407 ut
868 360 1055 407 duxerit
1082 378 1175 406 una
1199 377 1422 416 sororum,

322 442 468 492 utque
495 428 593 475 viro
621 427 799 473 Phoebi
827 429 995 474 chorus
1023 426 1332 474 adsurrexerit
1357 427 1510 473 omnis
1532 447 1545 483 ;

323 509 374 542 ut
399 495 547 541 Linus
573 496 687 540 haec
715 494 785 539 illi
813 493 974 540 divino
1001 494 1208 540 carmine
1234 506 1387 555 pastor

322 561 512 608 floribus
538 574 676 623 atque
704 560 809 621 apio
836 561 987 606 crines
1015 574 1202 606 ornatus
1228 577 1381 606 amaro

322 628 492 674 dixerit
516 646 526 674 :
567 628 677 672 ‘hos
705 627 789 672 tibi
817 627 931 674 dant
957 628 1172 682 calamOS,
1201 643 1260 672 en
1285 626 1463 688 accipe,
1493 627 1680 683 Musae,

322 696 526 740 Ascraeo
552 710 667 756 quos
693 706 801 739 ante
829 693 944 750 seni,
971 694 1140 756 quibus
1167 694 1248 738 ille
1274 693 1448 738 solebat
1713 718 1756 748 70

323 760 557 807 cantando
583 760 748 819 rigidas
775 760 1011 806 deducere
1039 760 1277 806 montibus
1303 776 1455 806 ornOS.

322 828 393 873 his
420 827 504 873 tibi
534 826 716 887 Grynei
745 827 948 873 nemoris
976 827 1158 873 dicatur
1184 826 1323 886 origo,

322 911 381 939 ne
409 893 510 956 quis
536 893 592 939 sit
619 894 767 950 lucus,
795 911 888 956 quo
915 911 960 939 se
987 894 1091 955 plus
1118 893 1259 939 iactet
1283 892 1486 954 Ap0110.'

323 960 438 1023 quid
463 961 644 1022 loquar,
671 973 748 1006 aut
778 961 985 1021 Scyllam
1012 960 1137 1017 Nisi,
1163 976 1303 1022 quam
1330 959 1451 1004 fama
1476 970 1633 1004 secuta
1657 970 1725 1004 est

323 1027 521 1073 candida
546 1026 842 1072 succinctam
868 1027 1144 1073 latrantibus
1170 1026 1362 1086 inguina
1388 1024 1604 1071 monstris

323 1093 570 1140 Dulichias
598 1110 788 1138 vexasse
816 1106 933 1139 rates
961 1107 1007 1139 et
1033 1093 1214 1154 gurgite
1240 1093 1289 1138 in
1317 1093 1409 1138 alto

325 1178 362 1217 a,
391 1160 576 1206 timidos
606 1173 766 1205 nautas
796 1160 991 1206 canibus
1018 1161 1240 1206 lacerasse
1266 1158 1457 1204 marinis
1482 1177 1492 1205 :

325 1240 404 1273 aut
431 1240 481 1272 ut
508 1240 710 1272 mutatos
739 1226 884 1272 Terei
914 1226 1171 1272 narraverit
1197 1239 1335 1282 artus,

325 1311 435 1356 quas
463 1293 531 1338 illi
562 1293 827 1339 Philomela
854 1293 1006 1354 dapes,
1036 1310 1152 1355 quae
1179 1293 1301 1338 dona
1325 1291 1509 1353 pararit,

325 1378 418 1422 quo
444 1377 580 1406 cursu
607 1360 788 1406 deserta
815 1360 1048 1421 petiverit,
1078 1373 1123 1405 et
1149 1358 1317 1421 quibus
1343 1371 1451 1404 ante
1719 1371 1759 1402 80

325 1427 491 1472 infelix
521 1444 598 1472 sua
626 1439 748 1472 tecta
775 1425 1180 1488 supervolitaverit
1206 1425 1322 1470 alis?

328 1493 503 1549 omnia,
531 1511 648 1555 quae
679 1493 872 1539 Phoebo
898 1493 1135 1555 quondam
1163 1491 1421 1538 meditante
1447 1491 1607 1536 beatus

327 1560 473 1605 audiit
502 1560 698 1605 Eurotas
726 1560 952 1622 iussitque
980 1559 1185 1605 ediscere
1213 1559 1377 1614 lauros,

327 1627 408 1672 ille
436 1626 794 1687 canit—pulsae
820 1627 1032 1671 referunt
1058 1626 1114 1671 ad
1141 1625 1288 1670 sidera
1314 1624 1526 1670 valles—

328 1709 494 1753 cogere
522 1693 672 1738 donec
700 1709 808 1738 oves
834 1692 1025 1738 stabulis
1052 1707 1398 1753 numerumque
1423 1689 1585 1736 referri

329 1759 461 1806 iussit
487 1772 533 1806 et
558 1759 709 1805 invito
734 1759 957 1820 processit
983 1759 1164 1820 Vesper
1190 1758 1418 1819 Olympo.

807 1992 1087 2038 ECLOGA
1122 1991 1223 2037 VII

859 2101 1172 2138 MELIBOEUS

642 2198 888 2234 Mrmnonus.
946 2198 1149 2234 CokvnoN.
1207 2196 1391 2233 Tnvnsrs.

406 2294 477 2339 M.
518 2295 674 2339 Foru-E
700 2293 785 2339 sub
812 2307 970 2354 arguta
995 2293 1269 2338 consederat
1295 2291 1404 2337 ilice
1429 2290 1663 2352 Daphnis,

333 2360 755 2422 compulerantque
782 2377 941 2420 greges
971 2359 1192 2420 Corydon
1219 2372 1266 2404 et
1296 2357 1490 2418 Thyrsis
1517 2357 1565 2402 in
1593 2374 1757 2413 unum,

333 2425 529 2486 Thyrsis
555 2443 678 2482 oves,
709 2426 933 2487 Corydon
961 2426 1181 2471 distentas
1208 2425 1328 2470 lacte
1355 2423 1571 2485 capellas,

331 2492 469 2538 ambo
495 2491 713 2538 fiorentes
741 2492 979 2547 aetatibus,
1007 2491 1208 2537 Arcades
1235 2490 1385 2545 ambo,

333 2572 379 2604 et
404 2572 591 2605 cantare
619 2576 747 2620 pares
775 2572 820 2604 et
846 2558 1127 2619 respondere
1152 2557 1312 2619 parati.

331 2628 425 2672 huc
452 2626 584 2682 mihi,
611 2626 725 2672 dum
753 2638 933 2671 teneras
961 2624 1163 2670 defendo
1189 2641 1213 2669 a
1237 2623 1405 2685 frigore
1431 2636 1618 2684 myrtos,

332 2693 403 2738 vir
428 2693 574 2754 gregis
601 2692 701 2754 ipse
729 2709 865 2754 caper
891 2692 1197 2747 deerraverat‚
1223 2703 1362 2753 atque
1389 2707 1474 2752 ego
1499 2688 1742 2751 Daphnim

780 2781 829 2817 74
859 2777 913 2807 ut.
1027 2768 1073 2818 85
1106 2768 1253 2806 referre.
