1861 3256
727 263 770 300 P.
799 261 1032 299 VERGILI
1063 261 1319 300 MARONIS

843 521 1122 569 ECLOGA
1157 522 1207 568 II

928 655 1124 691 ALEXIS

345 771 613 816 Foamosma
639 782 796 832 pastor
822 769 1051 832 Corydon
1077 771 1267 817 ardebat
1292 770 1500 827 Alexim,

343 836 538 882 delicias
563 836 761 894 domini,
789 853 877 883 nec
904 837 1020 899 quid
1046 850 1248 899 speraret
1273 837 1496 884 habebat.

344 915 527 948 tantum
552 902 676 948 inter
701 903 880 958 densas,
909 904 1124 949 umbrosa
1149 903 1413 960 cacumina,
1440 904 1568 963 fagos

343 968 534 1014 adsidue
560 968 798 1016 veniebat.
868 969 934 1015 ibi
959 970 1074 1016 haec
1101 969 1345 1015 incondita
1371 970 1493 1015 solus

343 1034 583 1081 montibus
610 1047 655 1081 et
682 1035 808 1081 silvis
835 1035 992 1082 studio
1018 1036 1220 1082 iactabat
1246 1036 1375 1081 inani
1402 1054 1412 1082 :

412 1106 467 1147 ‘0
493 1101 696 1147 crudelis
723 1101 881 1159 Alexi,
908 1102 1028 1148 nihil
1054 1119 1158 1148 mea
1184 1102 1392 1148 carmina
1418 1106 1583 1149 curas?

343 1168 410 1214 nil
439 1167 582 1214 nostri
609 1167 828 1214 miserere
850 1171 866 1214 ?
935 1168 1052 1214 mori
1080 1185 1157 1214 me
1182 1169 1391 1231 denique
1416 1185 1567 1229 coges,

342 1251 471 1280 nunc
498 1234 640 1281 etiam
665 1235 872 1297 pecudes
901 1235 1084 1281 umbras
1111 1247 1156 1281 et
1181 1235 1348 1295 frigora
1373 1248 1581 1298 captant,

343 1318 470 1347 nunc
498 1301 670 1347 virides
697 1301 840 1347 etiam
866 1301 1109 1347 occultant
1134 1301 1316 1362 spineta
1340 1301 1550 1359 lacertos,

343 1367 588 1428 Thestylis
614 1380 660 1413 et
685 1367 849 1429 rapido
876 1367 1004 1413 fessis
1030 1368 1310 1413 messoribus
1337 1380 1464 1414 aestu
1734 1393 1773 1415 10

343 1434 452 1480 allia
478 1434 832 1496 serpyllumque
858 1434 1023 1480 herbas
1050 1433 1303 1480 contundit
1329 1434 1510 1481 olentes
1535 1455 1547 1491 ;

343 1513 390 1547 at
415 1517 604 1546 mecum
630 1501 797 1556 raucis,
827 1514 906 1546 tua
931 1500 1045 1546 dum
1071 1499 1264 1561 vestigia
1291 1500 1452 1558 lustro,

344 1567 439 1613 sole
466 1567 550 1613 sub
577 1567 759 1613 ardenti
788 1580 1012 1613 resonant
1038 1567 1220 1613 arbusta
1246 1566 1436 1614 cicadis.

344 1650 502 1680 nonne
529 1633 619 1679 fuit
644 1633 801 1690 satius,
828 1633 978 1680 tristes
1003 1633 1305 1694 Amaryllidis
1330 1633 1416 1679 iras

343 1713 481 1763 atque
507 1700 704 1762 superba
729 1700 823 1762 pati
851 1700 1070 1746 fastidia?
1106 1716 1265 1745 nonne
1293 1700 1568 1757 Menalcan,

344 1767 552 1830 quamvis
579 1767 659 1813 ille
686 1767 835 1828 niger,
864 1766 1076 1829 quamvis
1103 1780 1152 1812 tu
1180 1766 1405 1812 candidus
1431 1771 1582 1813 esses?

343 1851 371 1880 0
396 1834 593 1879 formose
619 1851 751 1896 puer,
779 1833 981 1879 nimium
1008 1849 1066 1879 ne
1093 1833 1229 1879 crede
1256 1833 1400 1879 colori
1424 1853 1438 1889 3

344 1900 448 1946 alba
472 1900 662 1961 ligustra
687 1900 880 1956 cadunt,
906 1899 1118 1946 vaccinia
1144 1899 1275 1960 nigra
1299 1900 1534 1960 leguntur.

343 1967 589 2028 despectus
615 1966 700 2012 tibi
728 1983 848 2023 sum,
876 1983 963 2013 nec
991 1966 1070 2029 qui
1099 1965 1186 2011 sim
1213 1966 1408 2028 quaeriS,
1434 1967 1588 2022 Alexi,

344 2050 484 2096 quam
509 2032 635 2079 dives
662 2033 859 2095 pecoris,
887 2033 1011 2078 nivei
1038 2049 1178 2095 quam
1206 2032 1338 2078 lactis
1363 2033 1604 2079 abundans
1629 2052 1639 2079 :
1734 2058 1775 2080 20

344 2100 476 2146 mille
502 2117 633 2146 meae
662 2100 831 2146 Siculis
860 2112 1018 2146 errant
1044 2099 1093 2145 in
1120 2099 1359 2145 montibus
1386 2115 1527 2160 agnae
1551 2119 1564 2155 ;

344 2167 415 2212 lac
442 2166 557 2212 mihi
585 2183 680 2212 non
709 2180 879 2213 aestate
908 2182 1100 2221 novum,
1129 2182 1224 2211 non
1252 2165 1418 2226 frigore
1443 2166 1569 2212 defit.

345 2246 498 2289 canto,
527 2250 646 2295 quae
673 2233 852 2290 solitus,
879 2233 914 2279 si
941 2233 1131 2295 quando
1157 2245 1367 2278 armenta
1393 2232 1603 2288 vocabat,

342 2299 583 2361 Amphion
610 2299 839 2346 Dircaeus
865 2300 914 2346 in
941 2301 1123 2346 Actaeo
1147 2299 1438 2360 Aracyntho.

346 2382 433 2412 nec
461 2383 562 2412 sum
589 2366 702 2412 adeo
728 2366 944 2412 informis
968 2384 978 2412 :
1017 2382 1168 2427 nuper
1192 2381 1267 2410 me
1294 2365 1341 2410 in
1368 2365 1502 2411 litore
1529 2365 1638 2421 vidi,

345 2449 454 2478 cum
479 2432 720 2494 placidum
746 2433 898 2478 ventis
925 2445 1066 2479 staret
1093 2448 1218 2478 mare
1241 2451 1254 2488 ;
1292 2448 1387 2477 non
1414 2448 1500 2492 ego
1525 2431 1770 2494 Daphnim

346 2498 502 2544 iudice
530 2512 574 2544 te
600 2511 828 2555 metuam,
853 2499 889 2544 si
917 2514 1178 2560 numquam
1208 2498 1328 2545 fallit
1354 2498 1523 2559 imago.

345 2582 374 2611 ο
398 2577 583 2611 tanturn
610 2565 753 2611 libeat
779 2581 970 2611 mecum
996 2564 1080 2611 tibi
1108 2563 1287 2609 sordida
1312 2582 1416 2610 rura

347 2645 487 2694 atque
512 2631 715 2677 humiles
739 2631 950 2678 habitare
978 2648 1120 2687 casaS,
1146 2643 1192 2676 et
1218 2630 1356 2691 figere
1383 2648 1556 2687 cervos,

347 2698 699 2761 haedorumque
725 2714 910 2759 gregem
941 2697 1075 2744 viridi
1105 2698 1389 2759 compellere
1415 2698 1610 2754 hibisco,
1733 2721 1774 2751 30

928 2787 976 2824 27
1007 2776 1126 2814 fallat.
