1866 3208
303 257 380 296 226
749 257 792 295 P.
822 256 1056 295 VERGILI
1086 257 1342 295 MARONIS

368 363 419 410 hi
446 363 533 410 tibi
560 363 879 419 Nomentum,
905 374 951 409 et
978 363 1173 420 Gabios,
1199 364 1460 425 urbemque
1486 361 1729 420 Fidenam,
1861 382 1866 415 q

368 430 418 476 hi
447 429 713 476 Collatinas
739 428 976 490 inponent
999 430 1241 477 montibus
1267 446 1410 487 arces,
1864 434 1866 449 ²

371 495 625 552 Pometios,
654 494 971 558 Castrumque
997 496 1123 554 Inui,
1152 496 1430 558 Bolamque,
1459 494 1744 558 Coramque.
1864 533 1866 536 .

369 564 485 608 haec
530 573 633 607 tum
675 561 869 608 nomina
918 576 1071 620 erunt,
1114 580 1244 609 nunc
1291 575 1401 609 sunt
1449 560 1551 608 sine
1600 561 1794 608 nomine
1864 562 1866 587 ³

504 640 671 674 terrae.

370 694 487 757 quin
514 707 561 740 et
588 711 674 740 avo
700 694 927 742 comitem
953 713 1052 743 sese
1080 696 1346 743 Mavortius
1372 694 1515 741 addet

372 760 620 819 Romulus,
646 761 857 808 Assaraci
885 779 1027 825 quem
1053 762 1290 824 sanguinis
1317 761 1406 807 Ilia
1431 774 1581 807 mater

370 827 558 874 educet.
629 827 788 874 viden’
813 840 866 875 ut
890 829 1108 889 geminae
1134 842 1258 875 stant
1283 828 1461 874 vertice
1487 827 1668 884 cristae,

371 906 419 940 et
443 906 576 956 pater
600 893 700 956 ipse
726 911 809 941 suo
835 912 1057 958 superum
1082 895 1176 942 iam
1203 896 1353 955 signat
1378 896 1587 940 honore?
1739 908 1800 947 780

372 977 431 1007 en
456 960 612 1017 huius,
639 973 765 1018 nate,
793 961 1012 1023 auspiciis
1039 962 1122 1008 illa
1147 962 1330 1008 incluta
1357 961 1509 1006 Roma

371 1026 624 1089 imperium
651 1027 782 1073 terris
809 1027 988 1074 animos
1014 1029 1235 1091 aequabit
1262 1028 1491 1090 Olympo,

372 1105 650 1156 septemque
676 1110 770 1139 una
795 1093 882 1140 sibi
910 1110 1043 1140 muro
1068 1095 1382 1141 circumdabit
1408 1110 1549 1151 arces,

373 1160 491 1206 felix
517 1160 650 1222 prole
675 1159 860 1206 virum:
899 1161 1049 1223 qualis
1077 1161 1359 1223 Berecyntia
1385 1173 1535 1206 mater

372 1227 614 1273 invehitur
639 1243 776 1273 curru
806 1226 1024 1288 Phrygias
1051 1228 1213 1274 turrita
1239 1245 1321 1289 per
1346 1227 1498 1285 urbes,

373 1293 497 1339 laeta
523 1293 666 1339 deum
691 1306 844 1355 partu,
872 1306 1067 1340 centurn
1093 1295 1342 1356 complexa
1369 1306 1581 1356 nepotes,

373 1376 536 1406 omnes
563 1359 829 1418 caelicolas,
855 1376 1018 1406 omnes
1045 1377 1208 1422 supera
1234 1361 1328 1406 alta
1355 1373 1587 1406 tenentes·

374 1427 466 1473 huc
492 1427 703 1487 geminas
730 1443 857 1473 nunc
884 1426 1024 1474 flecte
1050 1427 1189 1484 acies,
1216 1428 1337 1473 hanc
1365 1426 1520 1488 aspice
1545 1438 1737 1486 gentem

376 1493 712 1556 Romanosque
740 1507 858 1540 tuos,
930 1493 1008 1540 hic
1036 1494 1223 1551 Caesar,
1251 1506 1297 1539 et
1323 1493 1476 1539 omnis
1503 1492 1597 1538 Iuli

375 1560 638 1623 progenies,
664 1577 888 1621 magnum
914 1560 1034 1607 caeli
1062 1574 1260 1606 ventura
1286 1560 1370 1606 sub
1397 1577 1549 1607 axem.
1742 1583 1804 1614 790

375 1627 452 1674 hic
478 1627 564 1683 vir,
591 1627 668 1673 hic
697 1640 780 1685 est,
808 1627 892 1674 tibi
921 1644 1064 1689 quem
1089 1627 1303 1690 promitti
1331 1627 1514 1689 saepius
1540 1626 1688 1684 audis,

376 1694 613 1754 Augustus
641 1693 828 1751 Caesar,
855 1694 968 1740 Divi
995 1711 1158 1755 genus,
1185 1710 1321 1740 aurea
1347 1693 1522 1740 condet

377 1760 563 1807 saecula
588 1760 669 1823 qui
695 1777 849 1806 rursus
877 1760 1031 1817 Latio,
1059 1772 1250 1820 regnata
1274 1777 1359 1822 per
1384 1777 1491 1806 arva

379 1827 578 1873 Saturno
604 1827 876 1889 quondam;
913 1843 1051 1889 super
1077 1840 1124 1873 et
1151 1827 1463 1873 Garamantas
1490 1839 1537 1874 et
1562 1827 1706 1873 Indos

375 1893 584 1956 proferet
610 1893 894 1955 imperium3
930 1893 1055 1940 iacet
1082 1906 1210 1940 extra
1235 1893 1386 1939 sidera
1413 1894 1570 1951 tellus,

379 1973 508 2006 extra
534 1959 645 2006 anni
673 1959 878 2022 solisque
903 1960 1014 2017 vias,
1042 1960 1122 2006 ubi
1149 1960 1345 2006 caelifer
1369 1961 1502 2006 Atlas

379 2043 515 2073 axem
541 2043 704 2073 umero
731 2039 920 2089 torquet
946 2027 1095 2072 stellis
1122 2027 1394 2073 ardentibus
1421 2040 1601 2089 aptum.

379 2093 516 2140 huius
542 2092 591 2139 in
619 2093 878 2139 adventum
904 2093 997 2139 iarn
1025 2110 1151 2140 nunc
1180 2107 1226 2140 et
1253 2093 1425 2156 Caspia
1450 2110 1590 2154 regna

379 2159 610 2222 responsis
636 2161 829 2207 horrent
853 2159 1014 2206 divom
1042 2173 1088 2207 et
1116 2161 1329 2207 Maeotia
1357 2161 1514 2218 tellus,

381 2240 427 2273 et
453 2227 817 2289 septemgemini
845 2227 1036 2273 turbant
1062 2228 1247 2290 trepida
1272 2227 1389 2274 ostia
1416 2227 1538 2273 Nili.
1746 2241 1807 2272 800

380 2310 468 2340 nec
494 2310 604 2340 vero
628 2294 825 2340 Alcides
851 2307 1037 2340 tantum
1064 2295 1246 2341 telluris
1271 2294 1436 2352 obivit,

381 2358 534 2406 fixerit
559 2360 827 2422 aeripedem
855 2377 1041 2410 cervam
1068 2361 1197 2418 licet,
1225 2374 1304 2407 aut
1331 2359 1610 2421 Erymanthi

379 2426 558 2489 pacarit
584 2443 790 2484 nemora,
819 2440 866 2473 et
890 2427 1096 2473 Lernam
1122 2427 1443 2473 tremefecerit
1469 2443 1608 2482 arcu3

381 2508 485 2550 nec,
511 2493 591 2555 qui
618 2493 884 2555 pampineis
909 2493 1060 2539 victor
1083 2493 1190 2553 iuga
1217 2492 1367 2540 flectit
1392 2492 1603 2550 habenis,

381 2559 540 2615 Liber,
568 2576 707 2620 agens
733 2560 860 2606 celso
886 2559 1047 2620 Nysae
1072 2559 1132 2606 de
1156 2560 1335 2606 vertice
1362 2559 1515 2620 tigres.

383 2638 429 2672 et
455 2625 726 2672 dubitamus
752 2626 906 2672 adhuc
931 2625 1158 2672 virtutem
1185 2626 1442 2674 extendere
1468 2625 1637 2673 factis?

382 2704 463 2738 aut
487 2705 641 2738 metus
665 2692 876 2739 Ausonia
900 2692 1121 2754 prohibet
1146 2693 1401 2739 consistere
1428 2696 1579 2740 terra?

475 2769 550 2818 787
583 2783 691 2820 super
713 2772 801 2808 alta.
862 2769 935 2808 801
969 2769 1100 2809 obibit.
1159 2769 1236 2809 806
1268 2770 1408 2807 virtute
1439 2799 1448 2810 .
1480 2799 1488 2809 .
1521 2798 1529 2809 .
1563 2769 1672 2808 vires.
