1861 3256
534 256 839 294 BUCOLICA:
870 257 983 294 EcL.
1014 256 1053 293 x
1495 264 1543 305 25

117 370 256 416 illum
282 369 421 415 etiam
448 367 580 424 lauri,
607 367 748 414 etiam
774 367 945 414 flevere
971 368 1174 444 myricae
1198 389 1210 425 ;

116 437 293 498 pinifer
317 436 452 482 illum
481 435 622 481 etiam
648 435 742 480 sola
769 435 852 481 sub
877 453 993 498 rupe
1020 436 1255 482 iacentem

120 504 369 550 Maenalus
396 516 441 548 et
465 501 607 576 gelidi
633 501 870 548 fleverunt
895 519 1001 548 saxa
1025 502 1214 564 Lycaei.

118 584 240 617 stant
266 584 312 616 et
337 586 443 616 oves
470 568 871 615 circum—nostri
897 586 986 615 nec
1013 570 1226 631 paenitet
1250 569 1367 627 illas,

117 654 206 684 nec
234 651 280 684 te
304 636 543 699 paeniteat
568 636 768 698 pecoris,
795 636 953 682 divine
979 650 1152 698 poeta:

118 718 164 750 et
188 704 418 750 formosus
445 720 552 749 oves
578 703 635 748 ad
661 702 861 748 flumina
884 704 1014 765 pavit
1038 703 1290 749 Adonis—

116 771 248 818 venit
275 784 321 817 et
348 771 508 833 upilio,
538 770 655 816 tardi
683 787 857 816 venere
883 770 1087 827 subulci,

117 838 282 884 uvidus
307 838 507 884 hiberna
530 837 662 883 venit
689 838 746 883 de
775 837 946 898 glande
975 838 1236 884 Menalcas.
1512 860 1553 882 20

115 922 278 951 omnes
306 910 319 930 ⁶
336 905 460 950 unde
479 921 606 950 amor
628 904 744 962 iste,'
766 918 946 964 rogant,
968 909 981 928 ‘
1000 904 1085 951 tibi
1106 903 1147 950 ?'
1185 904 1316 951 venit
1340 903 1515 966 Apollo
1540 921 1549 950 :

118 973 279 1029 Galle,
305 972 418 1035 quid
444 971 618 1017 insanis
640 970 683 1018 ?’
721 971 879 1034 inquit
901 991 915 1025 3
951 976 965 995 ‘
983 985 1061 1017 tua
1087 989 1197 1018 cura
1222 971 1415 1033 Lycoris

114 1056 294 1102 perque
320 1039 451 1084 nives
478 1039 622 1085 alium
648 1055 829 1101 perque
855 1038 1041 1084 horrida
1066 1052 1213 1084 castra
1238 1051 1398 1084 secuta
1423 1037 1519 1084 est!

114 1107 247 1152 venit
273 1119 319 1152 et
345 1106 510 1166 agresti
538 1106 703 1168 capitis
735 1106 952 1152 Silvanus
976 1107 1157 1152 honore

115 1173 337 1220 fiorentes
363 1174 532 1219 ferulas
560 1188 606 1220 et
632 1173 825 1234 grandia
851 1172 950 1218 lilia
976 1189 1208 1235 quassans.

117 1241 214 1287 Pan
240 1241 355 1286 deus
379 1240 607 1287 Arcadiae
635 1240 783 1297 venit,
813 1257 954 1303 quem
981 1239 1185 1286 vidimus
1210 1239 1299 1301 ipsi

116 1307 381 1368 sanguineis
409 1308 537 1354 ebuli
563 1308 720 1354 baccis
748 1307 994 1370 minioque
1019 1307 1287 1353 rubentem.

117 1375 279 1438 ecquis
300 1375 389 1421 erit
408 1375 573 1421 modus
594 1374 636 1420 ?'
665 1375 822 1438 inquit
845 1396 858 1431 3
897 1380 909 1399 ‘
926 1376 1075 1420 Amor
1095 1391 1192 1420 non
1215 1373 1325 1420 talia
1345 1385 1476 1420 curat
1498 1392 1511 1429 ;

117 1459 204 1488 nec
233 1442 434 1488 lacrimis
462 1442 664 1488 crudelis
693 1443 857 1498 Amor,
886 1459 975 1488 nec
1002 1441 1211 1502 gramina
1235 1440 1360 1496 rivis,

116 1526 206 1555 nec
234 1509 382 1571 cytiso
409 1522 673 1555 saturantur
703 1527 822 1571 apes,
853 1526 941 1555 nec
969 1509 1135 1554 fronde
1163 1507 1400 1570 capellae.’
1518 1531 1559 1562 30

116 1576 259 1623 tristis
286 1589 329 1622 at
354 1576 436 1622 ille
462 1582 476 1600 ‘
493 1590 651 1622 tamen
683 1577 952 1632 cantabitis,
978 1573 1218 1631 Arcades,'
1244 1574 1417 1637 inquit,

113 1643 355 1690 montibus
380 1645 494 1689 haec
524 1643 682 1689 vestris
711 1662 721 1690 ;
761 1643 845 1689 soli
875 1656 1063 1688 cantare
1088 1641 1227 1704 periti

115 1711 334 1757 Arcades,
405 1727 432 1756 o
457 1710 574 1755 mihi
603 1723 706 1756 tum
736 1727 876 1773 quam
903 1709 1114 1755 molliter
1139 1726 1236 1754 ossa
1262 1708 1524 1771 quiescant,

118 1789 266 1823 vestra
292 1794 421 1823 meos
446 1777 561 1823 olim
588 1777 622 1822 si
650 1777 807 1823 fistula
833 1776 958 1823 dicat
984 1776 1195 1822 amores!

117 1857 255 1907 atque
282 1844 462 1890 utinam
489 1861 546 1890 ex
572 1844 702 1890 vobis
734 1861 854 1890 unus
881 1843 1116 1906 vestrique
1142 1842 1335 1889 fuissem

118 1925 197 1958 aut
223 1923 374 1958 custos
399 1911 548 1972 gregis
575 1925 653 1958 aut
682 1926 891 1958 maturae
918 1910 1094 1957 vinitor
1119 1910 1268 1957 uvae!

117 1992 244 2025 certe
271 1979 367 2025 sive
394 1978 511 2025 mihi
540 1979 721 2041 Phyllis
751 1979 845 2025 sive
874 1991 991 2024 esset
1014 1979 1141 2039 Am}
1144 1991 1245 2023 ntas

118 2063 198 2092 seu
226 2046 516 2110 quicumque
542 2046 876 2110 furor‚—quid
903 2059 1020 2103 tum,
1050 2045 1084 2091 si
1111 2030 1268 2091 fuscus
1292 2045 1560 2106 Amyntas?

119 2127 165 2160 et
191 2113 350 2175 nigrae
375 2113 525 2160 violae
551 2128 660 2160 sunt
688 2128 735 2160 et
762 2113 978 2160 vaccinia
1002 2113 1202 2174 nigra——

118 2198 311 2227 mecum
335 2181 460 2227 inter
486 2181 647 2228 salices
675 2182 805 2227 lenta
834 2180 920 2227 sub
946 2180 1041 2226 vite
1067 2179 1241 2226 iaceret
1264 2198 1275 2225 :
1520 2203 1562 2233 40

119 2262 239 2295 serta
263 2248 382 2295 mihi
411 2249 590 2310 Phyllis
616 2249 808 2310 legeret,
841 2261 1054 2294 cantaret
1077 2248 1322 2308 Amyntas.

119 2315 197 2362 hic
224 2316 367 2377 gelidi
393 2317 565 2373 fontes,
589 2316 667 2362 hic
695 2315 858 2362 mollia
886 2328 1030 2377 prata,
1059 2314 1246 2376 Lycori‚

121 2382 199 2428 hic
226 2400 427 2437 nemus3
463 2384 541 2429 hic
569 2383 668 2445 ipso
694 2396 855 2429 tecum
883 2399 1188 2428 consumerer
1215 2397 1344 2428 aevo.

123 2465 251 2496 nunc
277 2451 466 2497 insanus
494 2467 625 2497 amor
649 2450 752 2497 duri
780 2467 856 2496 me
887 2449 1057 2495 Martis
1083 2449 1132 2494 in
1160 2448 1298 2495 armis

125 2515 218 2561 tela
240 2516 364 2564 inter
387 2518 544 2564 media
569 2531 709 2581 atque
737 2517 951 2563 adversos
977 2516 1162 2563 detinet
1187 2517 1340 2562 hostes
1365 2533 1374 2561 :

125 2594 176 2628 tu
203 2585 366 2643 procul
392 2602 417 2630 a
441 2585 744 2647 patria—nec
771 2584 830 2630 sit
856 2583 973 2630 mihi
1003 2584 1197 2629 credere
1225 2595 1478 2629 tantum-—

125 2648 342 2710 Alpinas,
367 2668 391 2696 a
415 2652 544 2708 dura,
572 2651 703 2698 nives
730 2664 778 2698 et
803 2651 975 2711 frigora
1001 2650 1161 2696 Rheni

127 2731 203 2761 me
230 2715 329 2762 sine
355 2718 449 2764 sola
473 2719 618 2765 vides.
691 2736 731 2775 a,
756 2732 803 2764 te
829 2735 889 2764 ne
916 2718 1086 2777 frigora
1111 2716 1299 2762 laedant
1322 2714 1331 2761 !

463 2806 514 2832 20
542 2795 707 2834 umidus.
820 2795 868 2832 28
900 2803 938 2832 et
957 2795 1051 2843 quis.
