1861 3256
567 254 901 293 GEORGICON
930 254 1034 293 LIB.
1063 255 1105 291 ΙΙ

155 363 282 411 inter
307 381 352 410 se
379 361 576 409 adversis
600 363 843 408 luctantur
869 363 1094 409 cornibus
1119 361 1273 408 haedi.

155 431 252 506 ipse
278 431 376 477 dies
402 430 543 505 agitat
568 429 708 476 festos
734 429 960 493 fususque
986 448 1070 493 per
1095 429 1304 486 herbam,

154 498 275 559 ignis
300 497 417 544 ubi
406 514 455 543 1n
482 496 640 542 medio
666 509 713 543 et
740 496 853 542 socii
883 510 1062 543 cratera
1091 509 1333 553 coronant,

155 578 200 612 te
228 565 396 621 libans,
421 564 627 620 Lenaee,
652 576 806 620 vocat,
834 564 1113 627 pecorisque
1140 562 1368 625 magistris

154 631 329 678 velocis
354 630 496 677 iaculi
525 630 784 677 certamina
810 630 946 692 ponit
973 631 1023 676 in
1051 632 1197 688 ulmo,

153 715 440 761 corporaque
467 698 633 759 agresti
659 698 843 743 nudant
869 698 1097 759 praedura
1123 699 1390 760 palaestrae.
1437 710 1445 732 '²

152 767 276 812 hanc
304 766 419 811 olim
445 778 626 811 veteres
651 765 796 810 vitam
823 765 1013 811 coluere
1043 765 1216 822 Sabini,
1233 761 1243 774 '

152 833 276 878 hanc
304 832 481 878 Remus
508 845 554 878 et
579 833 737 889 frater,
766 831 829 877 sic
858 832 988 877 fortis
1018 832 1203 878 Etruria
1230 832 1379 878 crevit

154 899 336 946 scilicet
362 913 409 946 et
434 917 591 946 rerum
617 900 740 945 facta
768 912 836 945 est
863 899 1186 960 pulcherrima
1213 900 1381 955 Roma,

130 965 428 1029 =septemque
455 984 549 1012 una
575 966 659 1012 sibi
685 984 819 1012 muro
849 965 1165 1012 circumdedit
1191 984 1332 1013 arceS.

152 1047 263 1080 ante
290 1034 431 1080 etiam
457 1047 698 1096 sceptrum
725 1034 918 1081 Dictaei
946 1034 1065 1094 regis
1093 1047 1140 1080 et
1166 1047 1273 1080 ante

150 1101 280 1165 inpia
306 1119 448 1164 quam
476 1102 618 1148 caesis
643 1119 756 1163 gens
783 1115 850 1148 est
877 1102 1066 1164 epulata
1091 1101 1323 1157 iuvencis,

150 1185 314 1214 aureus
339 1170 463 1216 hanc
490 1169 635 1216 vitam
661 1169 711 1215 in
738 1169 871 1215 terris
901 1169 1131 1215 Saturnus
1158 1168 1320 1229 agebat
1344 1187 1356 1221 ;

150 1236 359 1283 necdum
385 1237 530 1284 etiam
556 1237 798 1283 audierant
824 1235 978 1282 inflari
1007 1236 1212 1292 classica,
1240 1234 1448 1281 necdum

148 1303 374 1366 inpositos
401 1305 528 1351 duris
554 1304 784 1367 crepitare
811 1303 1064 1350 incudibus
1093 1320 1241 1350 enses.

206 1372 300 1417 -sed
324 1390 407 1418 nos
434 1372 708 1418 inmensum
734 1370 893 1432 spatiis
920 1371 1217 1417 confecimus
1243 1387 1430 1433 aequor,

149 1451 195 1485 et
220 1438 313 1486 iam
340 1452 526 1501 tempus
553 1454 730 1501 equum
757 1438 990 1484 fumantia
1015 1438 1194 1484 solvere
1219 1438 1357 1485 colla.

455 1537 527 1578 531
562 1528 729 1578 perdura.
845 1537 919 1577 542
950 1526 1180 1576 spumantia.

1543 263 1592 305 57

1532 652 1595 685 530

1532 1325 1595 1356 540
