1861 3256
586 287 919 327 GEORGICON
949 289 1054 327 LIB.
1083 290 1103 327 1
1553 301 1600 344 35

166 415 305 461 saepe
331 399 437 445 oleo
462 396 580 443 tardi
607 409 755 442 costas
781 395 978 456 agitator
1004 398 1133 444 aselli

165 466 338 512 vilibus
365 477 444 511 aut
468 476 633 510 onerat
657 462 825 525 pomiS‚
851 463 1153 528 lapidemque
1178 478 1416 513 revertens

166 532 389 580 incusum
414 544 494 578 aut
519 543 642 577 atrae
669 545 863 576 massam
889 530 1008 593 picis
1036 533 1149 579 urbe
1174 546 1397 596 reportat.

233 600 332 662 ipsa
355 599 451 646 dies
478 597 591 644 alios
617 596 708 643 alio
735 596 865 643 dedit
886 598 1054 645 ordine
1081 600 1217 646 Luna

165 667 329 714 felices
356 682 565 728 operum.
635 662 856 728 quintam
882 665 991 727 fuge
1012 684 1027 712 e
1063 667 1267 728 pallidus
1294 668 1449 714 Orcus

165 734 553 795 Eumenidesque
580 746 737 780 satae·
726 770 739 789 ‚
776 746 878 779 tum
904 746 1039 794 partu
1067 734 1220 780 Terra
1245 735 1451 781 nefando

166 802 447 876 Coeumque
474 801 786 863 Iapetumque
813 813 940 846 creat
965 817 1248 864 saevumque
1275 802 1509 864 Typhoea

165 882 212 914 et
237 867 503 914 coniuratos
531 867 715 914 caelum
741 867 1012 913 rescindere
1039 867 1218 915 fratres.
1541 883 1604 915 280

163 947 235 982 ter
260 947 369 981 sunt
394 934 554 981 conati
579 934 809 996 inponere
839 934 971 980 Pelio
998 935 1164 981 Ossam

163 1001 365 1058 scilicet,
394 1014 531 1064 atque
559 1002 706 1047 Ossae
734 1001 1010 1048 frondosum
1030 1001 1275 1049 involvere
1298 1003 1565 1066 Olympum
1589 1023 1602 1059 ;

164 1081 233 1115 ter
260 1069 399 1114 Pater
424 1081 684 1114 exstructos
712 1068 899 1115 disiecit
923 1069 1126 1115 fulmine
1152 1083 1353 1117 montes,

162 1135 362 1198 septima
385 1148 492 1198 post
516 1135 752 1182 decimam
780 1135 896 1182 felix
922 1149 969 1182 et
994 1153 1169 1198 ponere
1195 1137 1343 1184 vitem

162 1216 210 1249 et
234 1220 428 1265 prensos
454 1202 685 1249 domitare
711 1203 853 1249 boves
881 1216 926 1250 et
953 1203 1062 1250 licia
1086 1204 1207 1250 telae

162 1270 346 1317 addere.
419 1287 544 1316 nona
570 1271 707 1331 fugae
735 1271 920 1328 melior,
947 1271 1180 1318 contraria
1199 1271 1352 1318 furtis.

230 1338 380 1383 multa
406 1338 521 1383 adeo
546 1338 699 1398 gelida
726 1339 895 1384 melius
923 1355 970 1384 se
996 1352 1137 1385 nocte
1163 1339 1354 1396 dedere,

161 1416 243 1451 aut
268 1422 378 1451 cum
404 1406 498 1450 sole
524 1421 648 1451 novo
674 1418 819 1451 terras
844 1405 1021 1452 inrorat
1048 1407 1190 1453 Eous

163 1485 306 1518 nocte
332 1473 459 1518 leves
486 1472 654 1518 melius
681 1473 895 1534 stipulae,
924 1486 1064 1520 nocte
1090 1473 1216 1519 arida
1238 1487 1370 1536 prata

164 1539 460 1594 tondentur3
499 1553 660 1586 noctes
688 1540 845 1586 lentus
872 1557 967 1586 non
995 1541 1156 1586 deficit
1181 1558 1331 1587 umor.
1540 1565 1602 1596 290

162 1620 210 1653 et
234 1606 428 1670 quidam
455 1623 575 1652 seros
602 1606 789 1652 hiberni
817 1607 874 1653 ad
901 1607 1094 1653 luminis
1121 1607 1250 1667 ignes

161 1673 427 1736 pervigilat,
453 1675 668 1736 ferroque
696 1674 818 1719 faces
844 1674 1047 1735 inspicat
1073 1687 1211 1720 acuto
1233 1694 1246 1730 3

161 1741 344 1787 interea
369 1741 565 1800 longum
592 1753 735 1786 cantu
761 1741 904 1787 solata
930 1741 1139 1787 laborem

161 1821 324 1868 arguto
350 1808 562 1854 coniunx
588 1807 825 1870 percurrit
850 1807 1043 1870 pectine
1070 1809 1202 1865 telas,

160 1888 240 1921 aut
266 1875 417 1921 dulcis
443 1874 584 1921 musti
612 1875 837 1921 Vulcano
864 1875 1090 1938 decoquit
1116 1892 1329 1922 umorem

161 1955 209 1989 et
234 1942 360 1988 foliis
388 1943 563 1989 undam
589 1942 763 2005 trepidi
791 1943 1038 2005 despumat
1064 1944 1184 1990 aeni.

159 2023 207 2056 at
231 2009 496 2056 rubicunda
521 2010 668 2056 Ceres
694 2010 853 2056 medio
880 2010 1138 2057 succiditur
1163 2025 1307 2068 aestu,

160 2090 207 2124 et
233 2077 391 2124 medio
417 2091 556 2123 tostas
583 2091 711 2124 aestu
740 2077 850 2124 terit
877 2095 980 2124 area
1006 2079 1176 2139 frugeS.

160 2145 315 2190 nudus
342 2162 430 2202 ara,
458 2162 556 2191 sere
583 2145 736 2190 nudus
761 2166 775 2201 3
811 2145 995 2207 hiemps
1022 2145 1190 2206 ignava
1215 2146 1401 2193 colono.

160 2211 410 2271 frigoribus
435 2225 566 2273 parto
592 2212 820 2272 agricolae
846 2213 1128 2275 plerumque
1155 2213 1389 2270 fruuntur,
1537 2238 1600 2269 300

159 2292 418 2341 mutuaque
445 2279 569 2325 inter
595 2297 640 2325 se
667 2280 777 2326 laeti
805 2279 1022 2325 convivia
1048 2294 1213 2326 curant
1235 2301 1248 2337 3

160 2345 331 2392 invitat
356 2346 551 2407 genialis
579 2347 763 2409 hiemps
792 2364 1018 2410 curasque
1043 2348 1232 2393 resolvit
1257 2366 1265 2394 :

162 2428 249 2459 ceu
273 2431 454 2475 pressae
481 2431 591 2460 cum
618 2431 711 2460 iam
736 2427 928 2476 portum
955 2428 1152 2476 tetigere
1179 2432 1363 2462 carinae

161 2480 397 2541 puppibus
424 2494 472 2527 et
496 2481 607 2527 laeti
635 2495 803 2528 nautae
830 2481 1079 2544 inposuere
1106 2499 1316 2529 coronas.

163 2545 244 2590 sed
269 2558 425 2593 tamen
452 2561 499 2594 et
524 2565 726 2611 quernas
754 2550 944 2609 glandes
971 2562 1074 2595 tum
1100 2549 1325 2611 stringere
1352 2563 1539 2613 tempus

163 2624 210 2658 et
235 2612 353 2658 lauri
379 2614 512 2661 bacas
537 2616 786 2679 oleamque
813 2630 1104 2692 cruentaque
1128 2635 1212 2679 my
1213 2631 1318 2664 rta·
1306 2654 1320 2673 ‚

162 2690 264 2724 tum
289 2679 477 2738 gruibus
502 2683 692 2758 pedicas
721 2697 767 2730 et
792 2684 911 2730 retia
935 2701 1110 2746 ponere
1132 2685 1295 2741 cervis,

161 2744 429 2808 auritosque
455 2749 584 2810 sequi
610 2750 825 2823 lepores·
813 2787 826 2806 ,
863 2764 964 2797 tum
993 2751 1131 2811 figere
1158 2752 1364 2797 dammas

645 2825 721 2874 296
752 2818 905 2876 trepidis
925 2828 1040 2866 a'e'nis.
