1861 3256
290 244 339 284 50

734 234 777 272 Ρ.
807 233 1043 272 VERGILI
1073 235 1331 274 MARONIS

353 339 589 386 arboribus
614 339 776 401 positis
803 352 932 385 secto
955 339 1028 386 via
1053 339 1203 387 limite
1229 341 1442 404 quadret.

352 420 405 453 ut
430 423 564 468 saepe
590 405 771 465 ingenti
798 405 926 452 bello
952 423 1062 453 curn
1087 408 1226 468 longa
1251 410 1463 454 cohortes

353 472 587 534 explicuit
614 471 751 531 legi0‚
779 484 826 518 et
851 489 1019 535 campo
1043 474 1173 520 stetit
1198 490 1363 534 agmen
1390 488 1566 536 aperto,
1723 493 1784 523 280

352 540 663 600 derectaeque
690 538 827 596 acies,
854 556 907 586 ac
935 540 1028 586 late
1053 539 1252 587 fluctuat
1277 541 1430 586 omnis

353 621 458 651 aere
484 604 721 650 renidenti
747 606 901 663 tellus,
929 608 1134 653 necdum
1159 607 1347 653 horrida
1372 607 1574 654 miscent

349 671 543 733 proelia,
572 671 652 716 sed
678 671 847 718 dubius
873 673 1038 719 mediis
1067 674 1195 719 Mars
1223 686 1341 719 errat
1367 674 1416 719 in
1443 675 1610 728 armis3

351 736 512 783 omnia
536 737 629 783 sint
654 738 841 799 paribus
868 740 1076 786 numeris
1101 740 1312 785 dimensa
1336 740 1549 796 viarum3

351 821 446 857 non
474 803 689 850 animum
714 805 854 851 modo
880 805 946 851 uti
971 819 1131 868 pascat
1155 819 1429 869 prospectus
1455 807 1663 864 inanem,

352 870 433 916 sed
460 869 571 932 quia
595 887 691 916 non
719 871 853 917 aliter
876 872 997 918 vires
1022 873 1149 919 dabit
1174 873 1393 919 omnibus
1420 890 1587 936 aequas

352 950 487 994 terra,
516 953 606 982 nec
633 937 683 982 in
709 954 911 984 vacuum
935 952 1160 1000 poterunt
1186 940 1441 986 extendere
1467 940 1600 986 rami.

421 1003 614 1049 forsitan
640 1016 687 1049 et
712 1005 951 1051 scrobibus
978 1023 1096 1067 quae
1123 1006 1214 1052 sint
1241 1006 1420 1066 fastigia
1445 1024 1666 1069 quaeras:

353 1069 501 1116 ausim
528 1070 602 1116 vel
631 1070 762 1116 tenui
788 1070 936 1117 vitem
961 1072 1258 1119 committere
1285 1073 1429 1119 sulco.
1587 1081 1626 1139 ἦ

353 1137 489 1182 altior
514 1154 565 1183 ac
592 1137 781 1211 penitus
808 1149 956 1184 terrae
981 1138 1200 1199 defigitur
1225 1140 1371 1197 arbos,
1725 1164 1787 1194 290

353 1203 603 1249 aesculus
592 1221 642 1248 1n
669 1203 845 1265 primis,
874 1221 1010 1266 quae,
1035 1219 1264 1267 quantum
1290 1207 1467 1252 vertice
1493 1207 1550 1252 ad
1576 1223 1703 1252 auras

354 1270 594 1328 aetherias,
624 1283 808 1316 tantum
834 1271 1026 1317 radice
1016 1289 1066 1317 1n
1093 1272 1288 1318 Tartara
1313 1273 1483 1319 tendit.

355 1354 462 1398 ergo
488 1354 584 1382 non
610 1337 791 1382 hiemes
818 1337 965 1394 illam,
992 1355 1087 1383 non
1113 1338 1258 1384 flabra
1283 1355 1437 1401 neque
1463 1340 1634 1385 imbres

355 1404 665 1458 convellunt;
701 1404 882 1450 inmota
907 1417 1083 1462 manet,
1110 1405 1377 1467 multosque
1402 1419 1610 1467 nepotes,

354 1471 504 1517 multa
528 1470 683 1517 virum
708 1471 901 1517 volvens
927 1471 1141 1517 durando
1167 1472 1349 1517 saecula
1373 1472 1538 1518 vincit.

355 1551 457 1584 tum
483 1537 614 1583 fortis
641 1538 734 1584 late
760 1555 908 1584 ramos
936 1552 982 1584 et
1007 1538 1225 1584 bracchia
1251 1539 1448 1585 tendens

353 1605 447 1650 huc
475 1604 590 1650 illuc
618 1604 773 1650 media
797 1605 894 1666 ipsa
920 1605 1161 1665 ingentem
1188 1606 1386 1652 sustinet
1411 1605 1641 1652 umbram.

422 1687 540 1717 neve
567 1670 652 1717 tibi
679 1671 736 1717 ad
760 1672 907 1717 solem
933 1685 1126 1731 vergant
1151 1671 1310 1717 vineta
1334 1673 1598 1729 cadentem,

354 1754 475 1784 neve
501 1737 624 1783 inter
648 1737 764 1783 vites
792 1738 1007 1798 corylum
1034 1755 1163 1794 sere3
1200 1755 1320 1784 neve
1346 1738 1530 1798 flagella

356 1821 539 1850 summa
563 1817 672 1866 pete
699 1817 778 1850 aut
804 1821 985 1850 summa
1010 1805 1223 1865 defringe
1250 1822 1306 1850 ex
1333 1805 1494 1851 arbore
1519 1806 1773 1867 plantas—

355 1883 511 1917 tantus
539 1887 666 1916 amor
691 1884 1000 1917 terrae—neu
1028 1872 1150 1917 ferro
1175 1872 1305 1917 laede
1331 1885 1523 1918 retunso
1728 1897 1785 1926 301

354 1937 551 1995 semina,
579 1954 700 1983 neve
726 1938 857 1984 oleae
883 1937 1112 1984 silvestres
1139 1938 1292 1984 insere
1319 1953 1539 1984 truncos:

355 2021 465 2049 nam
492 2021 626 2066 saepe
653 2004 853 2050 incautis
879 2005 1135 2066 pastoribus
1164 2005 1340 2051 excidit
1365 2005 1500 2065 ignis,

355 2070 436 2133 qui
465 2070 628 2117 furtim
653 2071 818 2133 pingui
845 2071 1054 2133 primum
1081 2072 1166 2118 sub
1193 2072 1366 2118 cortice
1393 2085 1542 2118 tectus

356 2137 523 2183 robora
547 2138 862 2201 comprendit,
891 2139 1174 2200 frondesque
1203 2139 1381 2200 elapsus
1407 2138 1455 2184 in
1482 2139 1594 2184 altas

356 2203 604 2264 ingentem
630 2205 764 2250 caelo
790 2205 1000 2251 sonitum
1026 2205 1158 2251 dedit
1180 2225 1194 2261 3
1231 2205 1345 2251 inde
1371 2218 1557 2251 secutus

356 2287 441 2332 per
466 2288 617 2316 ramos
642 2271 797 2317 victor
822 2289 1002 2334 perque
1029 2272 1123 2318 alta
1150 2272 1397 2318 cacumina
1423 2283 1603 2331 regnat,

359 2349 406 2382 et
433 2349 588 2382 totum
613 2337 818 2383 involvit
844 2337 1044 2384 flammis
1071 2355 1237 2384 nemus
1266 2352 1312 2384 et
1337 2338 1432 2383 ruit
1458 2350 1608 2383 atram

357 2403 415 2448 ad
442 2403 628 2449 caelum
654 2404 791 2464 picea
818 2421 993 2450 crassus
1021 2404 1225 2464 caligine
1251 2404 1443 2461 nubem,

356 2469 635 2531 praesertim
662 2469 697 2514 si
726 2482 979 2532 tempestas
1005 2488 1029 2516 a
1055 2471 1234 2516 vertice
1261 2470 1388 2516 silvis
1727 2496 1789 2524 310

357 2535 595 2592 incubuit,
621 2535 948 2598 glomeratque
976 2537 1133 2583 ferens
1159 2536 1383 2582 incendia
1408 2550 1595 2584 ventus.

357 2603 447 2648 hoc
474 2601 572 2659 ubi,
600 2619 697 2648 non
724 2619 749 2648 a
775 2602 919 2665 stirpe
943 2603 1107 2649 valent
1134 2620 1389 2666 caesaeque
1416 2603 1587 2650 reverti

442 2688 517 2737 287
547 2702 584 2727 se
605 2691 815 2728 extendere.
927 2702 1003 2739 292
1035 2691 1211 2728 radicem.
1324 2703 1401 2740 294
1431 2705 1494 2741 per
1513 2705 1646 2729 annos.

902 2744 977 2793 296
1008 2746 1185 2793 pandens.
