1861 3256
600 240 873 278 AENEmos
904 239 1006 279 ΜΒ.
1033 238 1098 278 m
1524 251 1538 276 1
1549 248 1566 288 5
1574 247 1594 288 5

173 354 265 399 hoc
291 366 360 399 sat
386 351 489 399 erit.
560 349 657 397 scio
681 367 758 396 me
784 349 960 397 Danais
987 367 1011 397 e
1038 349 1260 397 classibus
1284 366 1452 405 unum,

175 434 221 466 et
246 420 375 466 bello
399 418 569 465 Iliacos
595 417 747 463 fateor
770 417 961 492 petiisse
989 418 1206 464 Penates.

173 504 256 548 pro
283 503 391 549 quo,
418 485 453 531 si
480 483 665 531 sceleris
693 497 825 529 tanta
853 497 920 529 est
945 483 1117 530 iniuria
1143 483 1305 542 nostri,

174 553 373 627 spargite
399 568 473 598 me
498 551 547 597 in
573 550 742 596 fluctus
768 564 994 613 vastoque
1020 550 1272 625 inmergite
1297 563 1463 614 ponto.

173 620 207 665 si
234 637 392 682 pereo,
418 617 669 664 hominum
694 616 910 663 manibus
934 617 1128 679 periisse
1154 617 1367 664 iuvabit!

173 686 369 743 dixerat,
399 699 445 731 et
469 702 621 759 genua
647 684 892 746 amplexus
918 683 1213 758 genibusque
1238 685 1458 731 volutans

171 753 409 799 haerebat.
481 751 560 815 qui
588 750 644 797 sit
669 750 773 808 fari,
801 767 894 825 quo
919 750 1148 810 sanguine
1174 764 1346 809 cretus,

170 819 428 876 hortamur,
456 835 575 881 quae
602 817 778 863 deinde
805 817 950 878 agitet
975 817 1168 863 fortuna
1193 817 1349 866 fateri.

170 881 269 947 ipse
293 900 426 948 pater
450 885 664 931 dextram
687 885 923 931 Anchises
947 884 1078 930 haud
1101 884 1252 930 multa
1278 897 1485 931 moratus
1542 900 1605 930 610

170 951 288 998 (131
276 951 454 1009 111ν6111,
482 964 622 1014 atque
648 951 864 998 animum
887 951 1126 1015 praesenti
1152 950 1349 1013 pignore
1376 952 1545 998 firmat.

169 1017 252 1064 ille
277 1019 391 1064 haec
418 1018 630 1080 deposita
657 1019 852 1064 tandem
877 1018 1136 1064 formidine
1162 1018 1320 1066 fatur:

137 1089 265 1131 ‘sum
291 1084 442 1147 patria
468 1103 524 1131 ex
551 1086 731 1143 Ithaca,
759 1102 917 1132 comes
942 1085 1152 1131 infelicis
1179 1085 1333 1142 Ulixi,

172 1152 370 1198 nomine
395 1153 796 1211 Achaemenides,
825 1152 1023 1198 Troiam
1048 1151 1262 1212 genitore
1285 1150 1543 1197 Adamasto

170 1219 797 1282 paupere—mansissetque«
815 1219 1000 1265 utinam
1026 1219 1216 1265 fortuna
1239 1216 1581 1280 !—pr0fectus.

170 1285 249 1331 hic
277 1302 368 1343 me,
396 1286 510 1332 dum
536 1286 708 1349 trepidi
735 1286 947 1332 crudelia
975 1285 1142 1332 limina
1168 1284 1412 1347 linquunt,

172 1351 459 1398 inmemores
485 1353 599 1399 socii
624 1366 754 1399 vasto
781 1353 1009 1415 Cyclopis
1033 1352 1084 1398 in
1111 1365 1246 1398 antro

171 1418 435 1466 deseruere.
507 1419 672 1466 domus
698 1419 825 1465 sanie
851 1420 1144 1482 dapibusque
1171 1418 1397 1477 cruentis,

171 1485 299 1531 intus
336 1503 496 1548 opaca,
523 1486 706 1546 ingenS.
777 1486 877 1549 ipse
903 1486 1070 1532 arduus
1097 1486 1288 1548 altaque
1312 1485 1471 1548 pulsat

171 1552 439 1598 sidera—di
466 1553 611 1599 talem
638 1552 770 1599 terris
796 1553 993 1599 avertite
1018 1566 1202 1615 pestem
1225 1552 1309 1599 !——
1542 1567 1605 1599 620

171 1636 260 1665 nec
287 1618 387 1664 visu
413 1619 566 1665 facilis
593 1636 683 1665 nec
711 1620 844 1665 dictu
870 1618 1091 1665 adfabilis
1117 1618 1222 1665 ulli.

169 1685 428 1731 visceribus
453 1685 732 1732 miserorum
760 1699 806 1732 et
832 1685 1057 1746 sanguine
1081 1684 1289 1731 vescitur
1314 1698 1430 1733 atro,

169 1752 267 1798 vidi
296 1765 483 1812 egomet
509 1752 604 1798 duo
629 1752 690 1798 de
715 1769 915 1798 numero
943 1768 1053 1798 cum
1079 1769 1275 1814 corpora
1301 1766 1462 1798 nostro

169 1836 338 1881 prensa
363 1836 507 1865 manu
533 1836 703 1880 magna
728 1819 887 1865 medio
911 1818 1160 1881 resupinus
1182 1818 1233 1865 in
1260 1832 1394 1865 antro

169 1886 409 1947 frangeret
435 1886 492 1932 ad
518 1902 696 1944 saxum,
724 1886 948 1949 sanieque
975 1903 1190 1948 exspersa
1215 1898 1436 1932 natarent

169 1953 368 2010 limina3
404 1953 503 1999 vidi
529 1966 628 1999 atro
655 1970 767 1999 cum
792 1953 1005 1999 membra
1031 1952 1231 1999 fluentia
1257 1952 1368 1999 tabo

170 2019 419 2066 manderet
446 2033 493 2066 et
518 2020 667 2082 tepidi
695 2033 955 2067 tremerent
980 2020 1066 2066 sub
1091 2019 1316 2066 dentibus
1341 2032 1482 2067 artus-

169 2086 296 2132 haud
322 2086 504 2148 inpune
530 2087 725 2149 quidem
749 2105 760 2133 ε
799 2104 890 2133 1166
918 2087 1030 2133 13113
1055 2103 1214 2148 passus
1241 2085 1416 2133 Ulixes

171 2153 404 2199 oblitusve
430 2153 498 2199 sui
527 2167 595 2199 est
620 2153 813 2200 Ithacus
838 2153 1116 2200 discrimine
1142 2164 1292 2201 tanto·

172 2237 283 2267 nam
309 2219 447 2266 simul
476 2220 693 2283 expletus
719 2220 918 2282 dapibus
941 2220 1152 2283 vinoque
1179 2220 1391 2283 sepultus
1543 2233 1609 2275 630

173 2287 408 2333 cervicem
433 2287 661 2334 inflexam
685 2287 843 2350 posuit
868 2287 1111 2351 iacuitque
1135 2304 1220 2350 per
1245 2300 1435 2334 antrum

173 2352 414 2400 inmensus
440 2354 622 2401 saniem
647 2367 868 2401 eructans
896 2366 942 2401 et
966 2354 1114 2401 frusta
1141 2367 1342 2403 cruento

176 2436 256 2480 per
281 2437 498 2468 somnum
524 2421 783 2468 commixta
809 2438 957 2480 mero,
984 2438 1068 2468 nos
1093 2437 1263 2496 magna
1287 2419 1469 2484 precati

177 2486 372 2533 numina
398 2487 644 2551 sortitique
670 2488 798 2535 vices
825 2505 919 2535 una
944 2488 1159 2552 undique
1184 2487 1368 2535 circum

110 2610 113 2612 v
176 2551 435 2611 fundimur,
463 2567 510 2600 et
536 2555 634 2601 telo
659 2555 826 2601 lumen
852 2555 1141 2602 terebramus
1165 2567 1307 2602 acuto

177 2616 356 2677 iugem,
383 2620 509 2682 quod
534 2633 665 2668 torva
691 2622 844 2668 solum
869 2622 954 2669 sub
979 2622 1136 2669 fronte
1161 2621 1353 2679 latebat,

175 2683 386 2743 Argolici
413 2685 557 2747 clipei
583 2700 664 2734 aut
691 2687 942 2734 Phoebeae
967 2687 1199 2751 lampadis
1223 2687 1383 2746 instar,

552 2762 625 2812 625
657 2765 836 2812 adspersa.
895 2764 970 2812 627
1000 2763 1146 2811 trepidi.
