1866 3208
268 224 342 275 306
713 223 755 260 P.
786 221 1019 259 VERGILI
1050 221 1307 259 MARONIS

396 331 523 377 haud
548 343 704 376 tamen
731 327 892 374 audaci
919 327 1089 375 Turno
1114 329 1284 375 fiducia
1310 328 1447 374 cessit

332 397 466 444 litora
491 395 776 458 praecipere,
803 406 849 440 et
874 394 1114 442 venientes
1139 396 1315 457 pellere
1341 408 1472 441 terra.

331 465 477 526 [ultro
503 462 678 508 animos
706 460 832 507 tollit
855 460 1008 518 dictis,
1035 475 1171 524 atque
1198 462 1410 523 increpat
1435 461 1558 508 ultro
1583 461 1615 523 :]

301 529 457 605 ‘quod
480 527 595 573 votis
622 526 828 588 optastis,
854 527 997 584 adest,
1020 528 1307 590 perfringere
1328 527 1504 574 dextra.

333 597 380 642 in
408 594 621 640 manibus
650 593 815 638 Mars
803 610 900 655 ipse
926 593 1048 641 viris.
1126 611 1253 640 nunc
1281 594 1491 654 coniugis
1517 607 1615 641 esto
1698 610 1758 640 280

333 661 527 724 quisque
554 676 660 706 suae
687 659 894 722 tectique
921 676 1134 707 memor·
1121 696 1135 715 ,
1172 677 1298 706 nunc
1327 676 1494 720 magna
1517 661 1687 707 referto

333 729 470 782 facta,
497 739 680 787 patrum
706 726 877 773 laudes,
950 728 1071 773 ultro
1096 743 1391 773 occurramus
1417 727 1474 772 ad
1500 727 1690 782 undam,

324 794 446 845 dum
473 792 658 854 trepidi,
684 792 964 855 egressisque
992 793 1146 839 labant
1172 793 1364 854 vestigia
1387 792 1552 855 prima.

333 878 356 906 a
394 860 556 905 dentes
583 859 786 905 Fortuna
811 860 967 906 iuvat.'

332 928 446 972 haec
473 925 553 982 ait,
579 938 625 972 et
650 942 808 972 secum
833 940 999 982 versat,
1025 944 1139 989 quos
1163 927 1334 973 ducere
1362 939 1537 982 contra,

335 993 408 1040 vel
434 992 604 1055 quibus
630 992 832 1038 obsessos
856 993 996 1054 possit
1022 994 1304 1039 concredere
1330 1010 1499 1039 muros.

400 1060 578 1105 interea
601 1060 782 1104 Aeneas
808 1058 953 1104 socios
978 1059 1034 1105 de
1061 1060 1294 1122 puppibus
1321 1059 1423 1105 altis

335 1125 557 1188 pontibus
583 1125 794 1187 exponit.
866 1124 1002 1170 multi
1030 1142 1208 1172 servare
1234 1143 1448 1172 recursus

335 1192 600 1254 languentis
624 1191 791 1253 pelagi,
820 1205 864 1237 et
892 1191 1106 1238 brevibus
1133 1209 1179 1238 se
1206 1193 1394 1238 credere
1420 1193 1536 1238 saltu
1560 1211 1573 1245 3

335 1277 416 1321 per
440 1276 589 1306 remos
616 1259 711 1305 alii.
783 1259 1046 1319 speculatus
1072 1259 1206 1304 litora
1231 1259 1474 1315 Tarchon,
1701 1282 1761 1313 290

335 1343 426 1389 qua
451 1325 565 1372 vada
591 1342 684 1371 non
712 1324 885 1387 spirant
911 1341 997 1371 nec
1025 1325 1166 1371 fracta
1192 1338 1501 1371 remurmurat
1526 1324 1664 1381 unda,

336 1393 415 1439 sed
441 1409 568 1438 mare
595 1391 882 1438 inoffensum
908 1392 1136 1438 crescenti
1165 1391 1394 1437 adlabitur
1419 1404 1560 1448 aestu,

336 1459 534 1506 advertit
560 1458 713 1504 subito
739 1475 910 1520 proras,
935 1458 1175 1520 sociosque
1202 1471 1415 1520 precatur
1438 1476 1448 1504 ε

305 1530 317 1551 ‘
334 1543 479 1582 nunc,
504 1543 531 1572 0
557 1526 678 1572 lecta
702 1542 884 1599 manus,
909 1525 1070 1571 validis
1097 1524 1360 1571 incumbite
1385 1524 1524 1570 remis
1546 1543 1560 1577 3

338 1593 506 1649 tollite,
531 1592 650 1638 ferte
676 1605 827 1638 rates·
813 1627 828 1645 ,
864 1591 1106 1638 inimicam
1133 1591 1295 1637 findite
1321 1591 1474 1637 rostris

337 1661 459 1705 hanc
487 1672 674 1714 terram,
699 1659 979 1733 sulcumque
1005 1658 1090 1704 sibi
1118 1671 1297 1719 premat
1322 1658 1418 1719 ipsa
1443 1656 1612 1703 carina.

338 1726 547 1785 frangere
573 1741 660 1770 nec
688 1725 767 1770 tali
794 1725 990 1786 puppim
1017 1725 1213 1771 statione
1239 1741 1415 1781 recuso,

338 1805 516 1854 arrepta
541 1792 709 1837 tellure
735 1792 891 1837 semel.
897 1791 908 1811 ’
978 1808 1097 1853 quae
1124 1791 1232 1836 talia
1257 1803 1501 1852 postquam

339 1859 502 1906 effatus
528 1858 769 1914 Tarchon,
796 1858 906 1903 socii
934 1874 1212 1919 consurgere
1238 1857 1379 1903 tonsis

339 1938 701 1987 spumantesque
727 1937 843 1970 rates
868 1924 985 1969 arvis
1011 1925 1183 1970 inferre
1210 1923 1406 1980 Latinis,
1705 1947 1765 1976 300

338 1992 488 2038 donec
515 2003 658 2037 rostra
682 2003 846 2037 tenent
870 1990 1048 2036 siccum
1074 2004 1119 2036 et
1145 1991 1300 2036 sedere
1326 1990 1506 2036 carinae

341 2075 503 2105 omnes
529 2058 777 2104 innocuae.
847 2057 926 2103 sed
952 2073 1045 2102 non
1072 2057 1241 2119 puppis
1268 2070 1361 2112 tua,
1387 2056 1629 2101 Tarchon.

343 2141 559 2187 namque,
588 2123 768 2170 inflicta
794 2123 932 2180 vadiS‚
961 2123 1095 2169 dorso
1119 2124 1232 2169 dum
1259 2122 1433 2184 pendet
1459 2122 1639 2184 iniqu0‚

343 2208 511 2253 anceps
537 2203 791 2237 sustentata
816 2190 914 2246 diu,
939 2189 1204 2253 fluctusque
1231 2189 1409 2250 fatigat,

343 2258 550 2313 solvitur,
578 2271 716 2320 atque
742 2257 862 2303 viros
888 2256 1052 2302 mediis
1079 2256 1273 2319 exponit
1298 2256 1346 2301 in
1375 2255 1511 2302 undis
1535 2275 1546 2310 ς

343 2324 571 2385 fragmina
596 2340 832 2370 remorum
858 2340 974 2385 quos
999 2336 1045 2369 et
1070 2322 1300 2369 fluitantia
1325 2334 1520 2368 transtra

341 2390 611 2452 inpediunt,
636 2390 922 2451 retrahitque
949 2389 1088 2452 pedes
1114 2389 1251 2435 simul
1280 2388 1403 2434 unda
1425 2387 1656 2433 relabens,

410 2473 496 2502 nec
525 2456 748 2502 Turnum
775 2455 925 2516 segnis
950 2455 1121 2502 retinet
1146 2472 1272 2501 mora
1296 2474 1309 2510 ;
1345 2454 1424 2500 sed
1447 2454 1566 2515 rapit
1592 2469 1697 2500 acer

345 2536 489 2571 totam
515 2522 664 2568 aciem
691 2522 740 2568 in
767 2523 997 2578 Teucros,
1022 2535 1067 2568 et
1093 2534 1255 2568 contra
1279 2520 1328 2566 in
1356 2521 1488 2567 litore
1515 2519 1646 2566 sistit.

345 2590 474 2651 signa
498 2602 690 2635 canunt.
760 2588 935 2650 primus
963 2601 1135 2634 turmas
1160 2587 1325 2633 invasit
1350 2599 1546 2648 agrestes
1705 2609 1766 2640 310

344 2658 542 2712 AeneaS,
567 2671 706 2701 omen
734 2672 934 2716 pugnae,
959 2655 1210 2717 stravitque
1235 2653 1443 2710 Latinos,

728 2737 801 2788 283
834 2737 980 2786 egressi.
1091 2748 1163 2786 291
1197 2744 1329 2787 sperat.
