1861 3256
597 222 873 260 AENEIDos
903 222 1006 261 LIB.
1034 222 1076 259 11
1509 235 1580 271 127

142 348 362 394 spumeus
388 344 524 393 atque
550 329 646 375 imo
672 329 857 375 Nereus
885 329 978 377 ciet
1005 346 1203 393 aequora
1229 330 1392 377 fundo.

143 399 213 445 illi
241 399 396 455 etiam,
424 398 458 444 si
486 414 600 459 quos
626 396 822 442 obscura
848 410 986 443 nocte
1013 414 1095 459 per
1120 396 1333 443 umbram
1519 424 1583 452 420

142 465 348 512 fudimus
374 464 574 538 insidiis,
595 476 782 526 totaque
809 463 1084 524 agitavimus
1111 463 1241 521 urbe,

141 545 403 595 apparent3
439 530 577 594 primi
604 530 780 591 clipeos
806 530 1097 593 mentitaque
1125 531 1218 577 tela

141 600 450 660 adgnoscunt,
475 611 613 661 atque
639 615 717 643 ora
741 614 854 642 sono
881 596 1112 644 discordia
1137 598 1336 659 signant.

140 666 273 713 ilicet
298 665 542 712 obruimur
568 681 764 710 numero
789 682 798 710 :
836 663 1106 726 primusque
1134 666 1378 712 Coroebus

142 734 336 779 Penelei·
361 733 522 779 dextra
547 731 677 777 divae
704 730 1029 792 armipotentis
1056 732 1111 777 ad
1136 750 1259 778 aram

137 800 409 862 procumbit
431 819 446 856 ;
482 798 605 845 cadit
631 811 676 844 et
703 798 930 860 Rhipeus,
956 798 1229 845 iustissimus
1256 817 1376 846 unus

139 867 219 930 qui
247 866 336 913 fuit
363 867 411 912 in
439 865 641 912 Teucris
670 878 716 911 et
743 865 1112 911 servantissimus
1140 867 1344 929 aequi—

123 934 205 980 'dis
233 933 367 979 aliter
390 933 814 995 visum—pereunt
841 932 1153 996 Hypanisque
1180 933 1463 997 Dymasque,

139 1000 315 1046 confixi
342 1018 366 1046 a
393 1000 526 1046 sociis
550 1020 564 1056 ;
601 1016 689 1046 nec
718 1013 762 1046 te
790 1013 867 1046 tua
893 1000 1111 1061 plurima,
1140 1000 1340 1056 Panthu,

139 1065 376 1113 labentem
402 1067 565 1129 pietas,
591 1083 680 1113 nec
707 1067 945 1128 Apollinis
973 1067 1123 1113 infula
1150 1068 1280 1114 texit.
1518 1082 1629 1122 430²

138 1134 273 1180 Iliaci
301 1134 495 1191 cineres,
525 1147 571 1180 et
596 1133 784 1180 flamma
810 1148 1020 1180 extrema
1045 1151 1275 1191 meorum,

138 1214 296 1259 testor,
322 1201 370 1247 in
397 1218 566 1248 occasu
595 1215 747 1248 vestro
772 1218 860 1248 nec
890 1202 983 1247 tela
1009 1219 1095 1248 nec
1124 1202 1238 1248 ullas

56 1272 70 1321 J
136 1268 351 1315 vitavisse
377 1269 504 1315 vices
530 1269 768 1326 Danaum,
796 1282 855 1325 et,
883 1269 917 1314 si
945 1268 1037 1315 fata
1062 1269 1258 1315 fuissent

136 1349 189 1382 ut
215 1336 448 1393 caderem,
475 1336 698 1382 meruisse
725 1353 884 1382 mann.
956 1336 1227 1382 divellimur
1252 1336 1379 1393 inde,

137 1403 322 1466 Iphitus
350 1417 396 1450 et
424 1403 573 1449 Pelias
598 1419 804 1461 mecum,
833 1420 1033 1467 quorum
1059 1403 1245 1466 Iphitus
1273 1420 1385 1449 aevo

136 1470 229 1516 iam
247 1470 452 1545 gravior,
481 1470 631 1516 Pelias
656 1484 702 1517 et
728 1441 924 1517 vuinere
951 1470 1107 1517 tardus
1135 1470 1310 1516 Ulixi·
1298 1491 1311 1527 3

135 1537 349 1599 protinus
375 1538 433 1584 ad
458 1537 586 1584 sedes
614 1537 788 1584 Priami
815 1538 1021 1584 clamore
1047 1537 1217 1584 vocati.

135 1604 215 1650 hic
242 1622 353 1651 vero
379 1605 622 1665 ingentem
647 1621 873 1667 pugnam,
900 1621 986 1651 ceu
1014 1618 1169 1651 cetera
1194 1621 1424 1668 nusquam

137 1671 260 1717 bella
287 1672 458 1729 forent,
484 1672 605 1717 nulli
632 1685 728 1717 tota
754 1685 1052 1718 morerentur
1077 1671 1126 1716 in
1154 1671 1285 1728 urbe,

134 1738 198 1785 sic
228 1739 438 1785 Martem
463 1738 766 1794 indomitum,
794 1738 1075 1801 Danaosque
1103 1738 1160 1784 ad
1185 1752 1311 1784 tecta
1335 1751 1525 1785 ruentes

134 1806 386 1861 cernimus,
414 1805 745 1869 obsessumque
771 1819 873 1852 acta
899 1806 1134 1852 testudine
1162 1805 1324 1853 limen.
1514 1831 1576 1860 441

134 1874 329 1921 haerent
353 1872 608 1935 parietibus
636 1873 799 1929 scalae,
827 1886 1071 1936 postesque
1099 1873 1183 1919 sub
1208 1872 1330 1934 ipsos

133 1940 353 1986 nituntur
376 1940 606 2000 gradibus,
636 1940 908 2003 clipeosque
935 1940 991 1986 ad
1016 1941 1108 1986 tela
1133 1940 1327 1987 sinistris

131 2008 334 2070 protecti
360 2007 594 2065 obiciunt,
619 2021 843 2071 prensant
870 2007 1048 2068 fastigia
1073 2007 1265 2054 dextris.

121 2074 432 2128 Dardanidae
460 2088 623 2121 contra
649 2089 799 2122 turres
825 2092 876 2122 ac
907 2088 1031 2121 tecta
1056 2075 1305 2121 domorum

133 2142 345 2189 culmina
370 2142 653 2189 convellunt
677 2161 687 2189 :
726 2142 794 2188 his
823 2159 882 2199 se,
911 2142 1098 2205 quando
1124 2141 1291 2187 ultima
1317 2154 1538 2197 cernunt,

133 2223 346 2256 extrema
371 2209 463 2255 iam
488 2209 538 2255 in
565 2222 717 2255 morte
744 2223 908 2271 parant
933 2209 1187 2255 defendere
1214 2208 1319 2255 telis
1340 2228 1354 2263 3

134 2290 403 2340 auratasque
432 2277 595 2333 trabes,
623 2290 837 2323 veterum
864 2277 1033 2322 decora
1059 2277 1150 2322 alta
1174 2289 1440 2339 parentum,

135 2343 392 2391 devolvunt
415 2363 425 2392 ε
465 2344 543 2390 alii
570 2343 740 2390 strictis
766 2343 1073 2389 mucronibus
1098 2343 1213 2389 imas

134 2409 355 2458 obsedere
381 2412 502 2458 fores
525 2432 539 2468 ;
575 2413 654 2458 has
681 2424 867 2457 servant
894 2410 1079 2471 agmine
1105 2411 1266 2458 denso.
1512 2433 1574 2462 450

136 2475 374 2525 instaurati
400 2479 563 2536 animi,
588 2478 706 2539 regis
734 2495 1003 2524 succurrere
1031 2478 1182 2534 tectis,

136 2542 402 2606 auxilioque
428 2547 584 2592 levare
609 2546 750 2602 viros,
776 2545 967 2608 vimque
994 2546 1162 2592 addere
1189 2545 1341 2592 victis.

203 2608 350 2655 limen
377 2626 472 2658 erat
497 2629 757 2676 caecaeque
784 2613 904 2659 fores
932 2626 978 2659 et
1003 2613 1192 2675 pervius
1218 2629 1325 2658 usus

135 2687 371 2723 tectorum
394 2677 517 2724 inter
541 2696 586 2725 se
614 2679 802 2736 Priami,
828 2694 1075 2742 postesque
1101 2680 1256 2726 relicti

568 2766 644 2805 445
676 2763 771 2794 tota.
881 2757 958 2804 448
990 2757 1068 2793 illa.
