1861 3256
196 235 268 272 142
642 223 686 264 P.
715 221 948 262 VERGILI
978 224 1233 264 MARoms

259 333 422 379 hortor
447 349 602 380 amare
627 332 758 380 focos
783 349 1034 397 arcemque
1058 335 1276 382 attollere
1300 334 1454 383 tectis.

259 398 446 462 iamque
471 400 571 445 fere
597 398 721 444 sicco
745 398 1004 472 subductae
1029 401 1166 447 litore
1191 418 1399 464 puppes;

259 465 473 511 conubiis
499 464 711 526 arvisque
738 463 872 511 novis
897 480 1085 528 operata
1111 467 1358 514 iuventus·
1345 503 1359 524 ,

258 530 358 577 iura
383 531 640 592 domosque
665 529 866 587 dabam3
902 532 1056 578 subito
1080 550 1189 580 cum
1215 533 1371 580 tabida
1395 533 1618 580 membris

259 609 480 657 corrupto
505 595 624 641 caeli
653 608 803 643 tractu
830 597 1186 662 miserandaque
1211 599 1344 645 venit

258 662 594 725 arboribusque
620 661 822 726 satisque
849 663 948 710 lues
974 678 1020 711 et
1046 665 1204 711 letifer
1228 682 1393 712 annus,

258 728 540 790 linquebant
565 728 727 775 dulces
754 728 931 776 animas
957 744 1037 777 aut
1061 749 1194 792 aegra
1222 731 1472 777 trahebant
1624 757 1685 786 140

258 811 483 855 corpora3
519 807 621 841 tum
646 795 825 842 steriles
852 813 1045 843 exurere
1072 797 1213 844 Sirius
1240 814 1399 858 agros;

257 860 453 906 arebant
476 860 649 907 herbae
675 874 722 908 et
745 861 925 909 victum
951 880 1076 924 seges
1101 880 1234 924 aegra
1261 865 1476 924 negabat.

258 943 411 972 rursus
437 926 495 972 ad
520 927 732 974 oraclum
759 928 987 989 Ortygiae
1015 930 1354 993 Phoebumque
1378 946 1595 975 remenso

257 993 472 1038 hortatur
496 1006 630 1054 pater
654 993 722 1039 ire
749 994 864 1040 mari
891 994 1176 1058 veniamque
1199 994 1398 1058 precari,

257 1075 398 1121 quam
423 1058 552 1104 fessis
579 1058 724 1105 finem
751 1060 887 1106 rebus
912 1060 1049 1119 ferat,
1075 1061 1202 1107 unde
1229 1062 1444 1108 laborum

258 1137 488 1187 temptare
514 1124 745 1172 auxilium
771 1125 947 1184 iubeat,
974 1144 1067 1190 quo
1091 1142 1273 1174 vertere
1299 1145 1473 1174 cursus.

323 1208 417 1237 nox
444 1205 557 1249 erat,
585 1204 632 1237 et
659 1191 790 1237 terris
819 1192 1038 1239 animalia
1065 1211 1253 1239 somnus
1277 1194 1514 1240 habebat:

258 1257 428 1318 effigies
454 1275 609 1304 sacrae
635 1258 795 1303 divom
824 1258 1108 1322 Phrygiique
1136 1261 1348 1317 Penates,

257 1341 371 1386 quos
397 1341 584 1370 mecum
611 1342 634 1370 a
662 1324 809 1370 Troia
835 1325 1096 1388 mediisque
1123 1343 1178 1372 ex
1203 1325 1387 1385 ignibus
1414 1326 1540 1372 urbis

257 1390 534 1448 extuleram,
561 1390 646 1436 visi
673 1404 784 1436 ante
810 1391 971 1437 oculos
998 1392 1178 1437 adstare
1203 1391 1398 1437 iacentis
1627 1416 1687 1445 150

257 1456 306 1502 in
332 1456 520 1514 somnis,
548 1457 700 1502 multo
726 1457 967 1503 manifesti
994 1457 1191 1514 lumine,
1218 1475 1308 1520 qua
1334 1475 1381 1503 se

256 1523 397 1585 plena
422 1540 505 1585 per
530 1523 725 1569 insertas
753 1523 985 1569 fundebat
1011 1524 1123 1570 luna
1146 1523 1402 1570 fenestras·
1390 1544 1404 1580 ;

259 1602 358 1635 tum
385 1589 447 1635 sic
474 1589 622 1635 adfari
649 1603 697 1635 et
722 1606 854 1635 curas
879 1588 951 1635 his
976 1589 1168 1636 demere
1193 1590 1360 1637 dictis:

225 1659 240 1680 ‘
257 1655 384 1717 quod
411 1655 494 1701 tibi
521 1656 681 1702 delato
709 1656 958 1717 Ortygiam
983 1656 1193 1702 dicturus
1218 1658 1395 1718 Apollo
1420 1669 1503 1714 est,

256 1721 334 1767 hic
360 1721 502 1778 canit,
530 1734 577 1767 et
603 1735 681 1768 tua
707 1739 790 1768 nos
819 1739 878 1768 en
903 1722 1029 1768 ultro
1054 1722 1113 1768 ad
1138 1722 1303 1769 limina
1328 1723 1491 1769 mittit.

257 1805 339 1834 nos
366 1801 411 1834 te
436 1787 676 1834 Dardania
702 1788 895 1834 incensa
920 1801 1093 1851 tuaque
1120 1805 1243 1834 arma
1267 1789 1431 1847 secuti,

258 1871 340 1900 nos
367 1854 604 1900 tumidum
628 1855 713 1900 sub
741 1868 786 1900 te
810 1854 1048 1917 permensi
1076 1855 1296 1901 classibus
1322 1872 1512 1918 aequor,

257 1920 384 1966 idem
409 1934 631 1966 venturos
660 1921 882 1967 tollemus
907 1921 955 1966 in
982 1934 1101 1968 astra
1127 1935 1323 1983 nepotes

257 1986 606 2049 imperiumque
631 1987 735 2032 urbi
762 1987 992 2033 dabimus.
1066 2000 1116 2033 tu
1142 1988 1331 2033 moenia
1355 1987 1534 2048 magnis

257 2070 423 2113 magna
449 2071 574 2115 para,
602 2053 892 2115 longumque
920 2054 1057 2114 fugae
1083 2071 1144 2099 ne
1171 2054 1336 2116 linque
1363 2054 1590 2101 laborem.
1626 2069 1687 2099 160

256 2119 511 2166 mutandae
537 2120 683 2166 sedes.
754 2136 852 2165 non
879 2121 995 2166 haec
1025 2120 1109 2166 tibi
1136 2120 1273 2166 litora
1300 2119 1441 2166 suasit

256 2185 423 2232 Delius
451 2199 530 2231 aut
557 2186 729 2232 Cretae
756 2186 889 2232 iussit
915 2186 1160 2232 considere
1185 2187 1378 2248 Apollo.

257 2265 325 2298 est
350 2252 495 2310 locus,
525 2252 810 2314 Hesperiam
837 2252 953 2299 Grai
981 2252 1264 2313 cognomine
1290 2252 1473 2309 dicunt,

258 2331 377 2364 terra
404 2318 612 2381 antiqua,
639 2332 808 2380 potens
834 2318 972 2365 armis
999 2333 1137 2381 atque
1163 2319 1307 2364 ubere
1331 2319 1528 2378 glebae;

257 2384 459 2430 Oenotri
487 2386 678 2430 coluere
704 2385 820 2440 viri;
858 2402 985 2430 nunc
1012 2385 1136 2431 fama
1161 2385 1366 2430 minores

256 2450 445 2496 Italiam
471 2450 641 2495 dixisse
667 2450 798 2496 ducis
825 2451 884 2496 de
910 2451 1101 2496 nomine
1128 2465 1349 2510 gentem:

256 2517 343 2562 hae
370 2515 502 2561 nobis
527 2516 744 2578 propriae
770 2516 915 2573 sedes,
942 2517 1055 2562 hinc
1081 2516 1332 2562 Dardanus
1359 2529 1502 2573 ortus,

256 2582 496 2644 Iasiusque
521 2595 668 2643 pater,
695 2599 840 2642 genus
867 2599 891 2628 a
917 2599 1009 2644 quo
1033 2581 1250 2644 principe
1276 2596 1504 2628 nostrum.

257 2664 392 2709 surge⁸
414 2664 496 2708 age
523 2661 568 2693 et
593 2649 710 2693 haec
737 2649 886 2694 laetus
913 2649 1143 2708 longaevo
1169 2648 1295 2694 dicta
1319 2647 1503 2711 parenti

630 2724 700 2772 146
731 2725 920 2773 temptari.
981 2725 1053 2762 166
1084 2725 1241 2763 duxisse.
