1866 3208
550 233 822 271 AENEIDOS
853 232 955 270 LIB.
986 232 1047 270 XI
1469 244 1542 284 335

119 344 418 390 Teucrorum
446 355 526 387 tua
548 340 710 385 dextra
734 339 882 396 dedit,
907 339 1168 402 passimque
1195 338 1395 400 tropaeis

119 410 312 471 insignis
338 424 480 468 agros,
548 406 694 469 possit
719 406 835 468 quid
858 406 1015 452 vivida
1039 406 1200 462 virtus,

119 476 354 538 experiare
380 474 492 520 licet
514 494 527 530 ;
563 490 651 519 nec
678 474 817 533 longe
844 473 1026 519 scilicet
1050 474 1202 519 hostes

118 540 369 607 quaerendi
396 540 530 586 nobis
551 560 566 594 3
603 540 912 586 circumstant
937 539 1146 603 undique
1173 556 1346 586 muros.

118 611 239 656 imus
264 608 313 654 in
341 608 553 654 adversos
577 607 776 669 :—quid
801 610 983 653 cessas?
1021 623 1077 652 an
1104 606 1188 652 tibi
1219 607 1412 652 Mavors

116 688 307 722 ventosa
330 674 381 721 in
408 675 569 736 lingua
594 674 885 736 pedibusque
912 673 1154 734 fugacibus
1181 673 1278 719 istis
1489 697 1550 727 390

116 759 298 805 semper
324 741 412 788 erit
431 745 448 787 ?

115 810 276 872 pulsus
303 813 424 869 ego?
461 823 540 856 aut
564 808 811 871 quisquam
837 808 1021 865 merito,
1048 808 1329 862 foedissime,
1358 807 1548 869 pulsum

116 889 288 937 arguet,
317 876 464 922 Iliaco
490 876 730 922 tumidum
756 875 836 938 qui
863 891 1071 922 crescere
1099 874 1338 936 Thybrim

115 943 357 1004 sanguine,
385 955 430 989 et
458 942 666 989 Euandri
694 956 840 989 totam
866 959 978 988 cum
1005 941 1146 1004 stirpe
1172 940 1352 987 videbit

115 1010 417 1073 procubuisse
443 1010 657 1066 domum,
684 1024 822 1072 atque
850 1023 1014 1055 exutos
1040 1008 1243 1055 Arcadas
1269 1008 1407 1054 armis
1428 1011 1443 1053 ?

115 1077 240 1124 haud
265 1077 327 1123 ita
353 1094 427 1123 me
455 1077 635 1139 experti
664 1076 809 1123 Bitias
836 1090 881 1122 et
909 1076 1144 1121 Pandarus
1170 1075 1349 1136 ingens,

116 1157 162 1191 et
187 1161 301 1207 quos
328 1144 459 1190 mille
486 1144 561 1190 die
588 1144 740 1190 victor
765 1144 850 1190 sub
877 1143 1074 1189 Tartara
1099 1142 1220 1199 misi,

115 1211 325 1258 inclusus
351 1211 494 1257 muris
519 1211 777 1274 hostilique
804 1227 965 1272 aggere
993 1223 1190 1272 saeptus

115 1279 295 1325 “nulla
320 1279 438 1324 salus
466 1278 642 1325 bello.''
715 1278 859 1340 capiti
887 1295 1003 1324 cane
1031 1277 1140 1323 talia
1165 1277 1361 1323 demens

115 1345 356 1392 Dardanio
380 1345 613 1408 rebusque
640 1345 748 1392 tuis.
819 1344 1016 1407 proinde
1044 1344 1203 1390 omnia
1228 1359 1397 1404 magno
1491 1368 1553 1395 400

116 1429 176 1458 ne
202 1429 326 1458 cessa
351 1413 537 1459 turbare
566 1427 713 1470 metu,
740 1426 881 1475 atque
908 1412 1136 1458 extollere
1162 1411 1280 1457 vires

115 1479 266 1540 gentis
291 1479 360 1525 bis
386 1480 556 1536 victae,
583 1493 746 1526 contra
772 1496 984 1541 premere
1011 1496 1135 1525 arma
1160 1477 1336 1524 Latini.

115 1563 246 1593 nunc
281 1560 328 1592 et
369 1546 737 1609 Myrmidonum
780 1562 999 1609 proceres
1050 1545 1250 1607 Phrygia
1293 1561 1421 1591 arma
1461 1558 1551 1590 tre-

251 1628 485 1670 meseum,

115 1697 244 1726 nunc
271 1693 318 1727 et
345 1680 575 1741 Tydides,
604 1694 650 1728 et
677 1680 942 1726 Larissaeus
965 1680 1179 1726 Achilles
1203 1699 1216 1734 ;

115 1746 266 1794 amnis
292 1759 338 1794 et
364 1747 619 1794 Hadriacas
645 1762 767 1793 retro
793 1746 914 1807 fugit
938 1746 1138 1792 Aufidus
1166 1745 1326 1792 undaS.

114 1815 189 1860 vel
217 1831 328 1861 cum
354 1831 399 1860 se
425 1815 649 1877 pavidum
677 1827 840 1860 contra
865 1830 970 1860 mea
998 1813 1148 1874 iurgia
1173 1812 1308 1872 fingit

114 1881 301 1928 artificis
326 1882 492 1938 scelm,
520 1895 566 1929 et
594 1881 848 1928 formidine
875 1881 1057 1928 crimen
1084 1880 1270 1926 acerbat
1296 1898 1304 1925 :

116 1965 377 2011 numquam
395 1949 598 1995 animam
621 1949 763 1995 talem
781 1949 946 1996 dextra
965 1947 1289 1994 hac—absiste
1307 1945 1554 1992 moveri-

115 2015 300 2062 amittes
323 2037 336 2072 ;
372 2016 555 2063 habitet
582 2030 740 2062 tecum
768 2030 815 2062 et
841 2016 898 2062 sit
923 2030 1114 2077 pectore
1141 2015 1189 2059 in
1217 2014 1319 2060 isto.

116 2099 247 2130 nunc
275 2083 331 2128 ad
356 2096 418 2140 te,
444 2097 490 2129 et
516 2097 595 2129 tua
621 2100 802 2144 magna,
831 2096 977 2144 pater,
1007 2081 1220 2128 consulta
1246 2092 1468 2126 revertor.
1493 2104 1553 2132 410

116 2150 151 2196 si
179 2150 361 2197 nullam
387 2150 552 2196 nostris
581 2150 704 2196 ultra
729 2167 858 2212 spem
885 2149 1020 2211 ponis
1045 2149 1094 2195 in
1121 2147 1273 2202 armis,

116 2217 151 2263 si
178 2230 273 2264 tam
299 2217 467 2263 deserti
495 2234 668 2274 summ,
698 2230 744 2263 et
771 2217 914 2263 semel
943 2216 1130 2278 agmine
1156 2231 1288 2261 verso

117 2284 330 2331 funditus
358 2284 633 2340 occidimUS,
663 2301 818 2347 neque
845 2284 986 2330 habet
1013 2283 1203 2329 fortuna
1227 2298 1499 2343 regressum,

117 2368 300 2398 oremus
325 2368 508 2414 pacem,
535 2366 581 2398 et
606 2351 789 2397 dextras
816 2350 1061 2397 tendamus
1086 2350 1275 2397 inertes·

118 2434 402 2481 quamquam
427 2436 468 2474 o,
496 2418 530 2464 si
558 2418 719 2464 solitae
746 2417 1000 2481 quicquam
1026 2417 1213 2464 virtutis
1240 2416 1432 2472 adesset,

119 2483 200 2529 ille
226 2485 344 2531 mihi
369 2498 476 2531 ante
503 2485 614 2532 alios
641 2486 1000 2547 fortunatusque
1026 2484 1254 2540 laborum,

121 2550 426 2613 egregiusque
453 2553 616 2609 animi,
642 2552 741 2615 qui,
768 2569 828 2598 ne
853 2551 970 2614 quid
994 2552 1086 2598 tale
1112 2551 1310 2607 videret,

120 2616 373 2678 procubuit
397 2619 615 2674 morienS,
643 2633 690 2665 et
714 2620 916 2665 humum
943 2618 1086 2665 semel
1115 2635 1192 2663 ore
1219 2614 1484 2662 momordit.

121 2682 193 2729 sin
219 2696 264 2729 et
289 2700 398 2745 opes
423 2685 574 2741 nobis,
601 2698 648 2731 et
673 2685 826 2731 adhuc
853 2685 1031 2732 intacta
1054 2685 1287 2738 iuventus,

437 2771 516 2809 410
544 2773 682 2809 magne
703 2768 815 2811 pater.
929 2773 1007 2810 412
1038 2761 1165 2800 simul.
