1861 3256
244 230 315 267 106
693 228 738 266 P.
767 226 999 265 VERGILI
1029 227 1287 266 MARONIS

310 334 636 397 artificumque
662 350 826 379 manus
851 333 974 380 inter
998 351 1042 381 se
1068 352 1358 398 operumque
1385 335 1593 383 laborem

311 401 517 457 miratur,
546 400 672 446 videt
698 400 862 446 Iliacas
888 417 943 446 ex
970 402 1132 447 ordine
1158 418 1335 464 pugnas

309 467 562 530 bellaque
552 483 643 511 lam
670 466 791 512 fama
816 479 967 514 totum
993 468 1177 528 vulgata
1203 485 1284 529 per
1308 467 1482 522 orbern,

308 534 492 580 Atridas
521 532 852 595 Priamumque
878 546 925 580 et
949 551 1136 581 saevum
1163 534 1387 580 ambobus
1412 533 1670 580 Achillem.

309 598 533 654 constitit,
593 612 639 644 et
700 599 947 646 lacrimans
1007 600 1136 665 ‘quis
1195 601 1286 646 iarn
1347 600 1508 656 locus‚'
1563 599 1731 663 inquit,

441 670 454 689 ‘
471 666 669 721 Achate,

304 748 422 794 quae
450 731 575 791 regio
601 731 650 777 in
679 731 811 778 terris
837 733 980 779 nostri
1008 750 1102 779 non
1130 733 1270 794 plena
1295 732 1500 778 laboris?
1673 747 1736 786 460

305 814 364 844 en
393 798 602 844 Priamus
625 798 634 845 Ξ
677 812 784 845 sunt
809 799 887 845 hic
915 799 1055 846 etiam
1083 817 1161 846 sua
1185 799 1390 861 praemia
1415 798 1540 845 laudi
1565 818 1579 854 ;

304 878 413 911 sunt
439 864 657 911 lacrimae
683 882 840 911 rerum
868 878 914 912 et
940 880 1149 912 mentem
1175 865 1389 911 mortalia
1414 878 1628 925 tangunt.

304 932 430 977 solv'e
458 933 646 985 metus;
684 932 802 978 feret
828 932 942 978 haec
971 932 1173 994 aliquam
1201 932 1284 978 tibi
1312 932 1433 978 fama
1458 929 1688 978 salutem.'

304 997 367 1044 sic
397 997 473 1053 ait,
503 1011 640 1059 atque
668 997 880 1044 animum
906 998 1091 1061 pictura
1116 998 1262 1060 pascit
1288 998 1416 1044 inani

305 1065 454 1111 multa
478 1080 685 1124 gemens,
714 1064 931 1126 largoque
960 1079 1166 1111 umectat
1192 1064 1389 1111 flumine
1415 1064 1618 1111 vultum.

305 1148 510 1194 namque
536 1130 742 1186 videbat,
769 1130 836 1176 uti
864 1131 1094 1177 bellantes
1124 1132 1345 1192 Pergama
1371 1131 1550 1178 circum

306 1199 391 1244 hac
419 1198 636 1257 fugerent
664 1196 793 1251 Grai,
821 1211 1057 1258 premeret
1084 1197 1291 1243 Troiana
1316 1198 1534 1244 iuventus
1556 1216 1570 1250 ;

304 1266 391 1311 hac
422 1265 638 1325 Phryges,
668 1263 858 1309 instaret
886 1280 1022 1310 curru
1052 1264 1264 1310 cristatus
1291 1264 1519 1310 Achilles.

306 1348 395 1377 nec
423 1332 588 1392 procul
616 1330 728 1376 hinc
758 1330 899 1376 Rhesi
927 1330 1075 1376 niveis
1104 1330 1304 1377 tentoria
1329 1330 1442 1376 velis

306 1397 546 1458 adgnoscit
572 1397 840 1453 lacrimans,
865 1396 1017 1458 primo
1043 1414 1160 1459 quae
1189 1396 1369 1458 prodita
1394 1413 1559 1442 somno
1677 1420 1740 1449 470

307 1464 520 1525 Tydides
548 1464 697 1510 multa
722 1463 926 1509 vastabat
951 1463 1093 1509 caede
1121 1476 1357 1519 cruentus,

306 1531 615 1592 ardentesque
641 1530 807 1576 avertit
835 1547 975 1593 equos
1004 1530 1052 1575 in
1080 1544 1242 1586 castra,
1269 1529 1538 1592 priusquam

306 1598 477 1660 pabula
501 1610 759 1658 gustassent
786 1596 957 1642 Troiae
989 1597 1331 1658 Xanthumque
1365 1596 1605 1644 bibissent.

306 1678 435 1726 parte
462 1664 550 1709 alia
575 1663 758 1723 fugiens
785 1662 957 1709 amissis
987 1663 1179 1708 Troilus
1207 1662 1361 1718 armis,

306 1730 477 1777 infelix
502 1747 618 1791 puer
645 1744 782 1792 atque
807 1729 941 1791 inpar
969 1745 1239 1789 congressus
1267 1728 1466 1785 Achilli,

307 1799 453 1844 fertur
479 1796 608 1859 equis
634 1812 870 1858 curruque
896 1797 1056 1841 haeret
1083 1795 1329 1858 resupinus
1357 1795 1502 1851 inani,

307 1864 404 1910 lora
473 1877 640 1909 tenens
713 1876 871 1909 tamen
896 1882 909 1918 ;
962 1862 1073 1908 huic
1153 1862 1409 1925 cervixque
1486 1877 1743 1925 comaeque

443 1931 691 1976 trahuntur

308 2013 390 2058 per
416 2009 599 2051 terram,
628 2008 674 2041 et
701 2012 829 2041 versa
854 1994 1007 2057 pulvis
1035 1994 1307 2041 inscribitur
1332 1996 1474 2041 hasta.

309 2064 487 2109 interea
513 2063 569 2108 ad
595 2063 829 2124 templum
857 2078 953 2107 non
982 2078 1155 2124 aequae
1185 2061 1384 2107 Palladis
1410 2061 1541 2108 ibant

310 2129 515 2176 crinibus
543 2129 711 2175 Iliades
739 2127 876 2190 passis
904 2128 1197 2190 peplumque
1224 2127 1437 2174 ferebant
1684 2141 1747 2180 480

310 2196 598 2259 suppliciter,
628 2195 778 2242 tristes
805 2208 852 2241 et
881 2207 1043 2241 tunsae
1072 2208 1261 2257 pectora
1286 2194 1451 2256 palmis
1475 2212 1485 2239 :

311 2263 416 2308 diva
442 2263 538 2308 solo
564 2262 677 2308 fixos
704 2263 863 2308 oculos
894 2278 1048 2307 aversa
1077 2261 1283 2307 tenebat.

312 2342 380 2375 ter
405 2329 584 2374 circum
611 2329 778 2375 Iliacos
807 2341 1067 2390 raptaverat
1095 2328 1304 2373 Hectora
1329 2342 1485 2372 muros

313 2395 680 2457 exanimumque
707 2412 819 2441 auro
847 2411 1012 2457 corpus
1041 2393 1272 2439 vendebat
1296 2392 1526 2438 Achilles·

313 2474 415 2508 tum
441 2478 549 2507 vero
574 2461 821 2522 ingentem
850 2461 1078 2534 gemitum
1104 2459 1182 2506 dat
1206 2472 1395 2520 pectore
1422 2458 1514 2504 ab
1503 2474 1612 2532 lino,

314 2541 364 2574 ut
390 2528 550 2589 spolia,
576 2541 627 2573 ut
654 2544 832 2583 currus,
861 2539 1004 2589 utque
1030 2526 1182 2588 ipsum
1208 2542 1374 2587 corpus
1399 2524 1538 2571 amici

315 2594 688 2656 tendentemque
716 2610 879 2639 manus
909 2592 1145 2638 Priamum
1172 2592 1418 2654 conspexit
1444 2592 1662 2638 inermes.

316 2677 361 2707 se
388 2677 574 2723 quoque
602 2659 891 2722 principibus
918 2659 1206 2720 permixtum
1233 2658 1453 2718 adgnovit
1477 2656 1686 2713 Achivis,

317 2728 529 2790 ansque
556 2727 676 2772 acies
703 2739 747 2772 et
774 2725 891 2785 nigri
920 2725 1197 2771 Memnonis
1223 2742 1362 2772 arma.
