1861 3256
282 253 326 291 18

725 256 769 294 P.
799 255 1032 294 VERGILI
1063 256 1322 294 MARONIS

343 361 377 407 si
403 361 521 408 mihi
548 379 644 408 non
669 364 784 408 haec
810 363 894 408 lux
920 375 1018 410 toto
1043 363 1135 409 iam
1160 362 1342 423 longior
1366 380 1490 410 anno
1514 376 1597 411 est.

341 427 405 474 ite
429 428 624 475 domum
649 428 780 489 pasti,
808 427 842 474 si
869 429 970 491 quis
994 430 1160 491 pudor,
1185 429 1249 476 ite
1274 429 1478 477 iuvenci.

413 496 470 541 C.
525 494 723 540 muscosi
750 494 903 541 fontes
927 509 974 542 et
999 513 1164 542 somno
1189 496 1376 542 mollior
1399 496 1556 554 herba,

343 573 390 607 et
415 577 532 623 quae
559 577 639 606 vos
663 578 762 606 rara
786 560 944 608 viridis
970 562 1085 623 tegit
1110 563 1299 608 arbutus
1327 563 1507 619 umbra,

343 627 593 673 solstitium
619 627 777 688 pecori
803 627 1046 675 defendite
1069 649 1082 685 ;
1118 629 1210 675 iam
1237 628 1367 675 venit
1391 642 1534 676 aestas

342 692 526 748 torrida,
555 693 648 739 iarn
673 694 805 739 lento
831 707 1018 754 turgent
1043 695 1091 742 in
1119 696 1313 757 palmite
1339 712 1566 756 gemmae.

417 760 469 806 T.
506 759 584 805 hic
611 760 743 806 focus
769 773 816 806 et
841 761 999 807 taedae
1026 762 1237 824 pingues,
1262 762 1338 808 hic
1366 761 1596 824 plurimus
1621 762 1739 823 ignis

342 842 524 887 semper
550 839 595 872 et
621 826 809 873 adsidua
833 840 984 889 postes
1010 829 1208 888 fuligine
1235 828 1352 889 nigri
1379 849 1392 885 ;
1731 852 1772 881 50

341 892 417 938 hic
447 906 631 939 tantum
660 894 836 940 Boreae
863 910 1078 941 curamus
1103 895 1284 955 frigora,
1312 908 1543 970 quantu-m

342 972 421 1005 aut
447 976 700 1006 numerum
724 960 862 1022 lupus
888 975 967 1008 aut
994 962 1216 1008 torrentia
1242 962 1438 1008 flumina
1462 961 1596 1024 ripas.

414 1027 471 1072 C.
509 1039 632 1072 stant
658 1039 704 1072 et
729 1026 931 1101 iuniperi
958 1042 1004 1075 et
1031 1041 1271 1075 castaneae
1297 1028 1539 1075 hirsutae·
1527 1065 1540 1084 ‚

341 1104 479 1138 strata
504 1092 660 1139 iacent
685 1093 854 1155 passim
879 1111 959 1140 sua
983 1112 1196 1157 quaeque
1221 1095 1306 1141 sub
1333 1095 1492 1141 arbore
1517 1111 1656 1157 poma
1677 1114 1691 1150 3

342 1159 500 1205 omnia
526 1176 654 1205 nunc
681 1159 836 1206 rident
858 1180 872 1216 ;
908 1173 952 1206 at
978 1161 1011 1206 si
1038 1162 1264 1208 formosus
1289 1162 1454 1207 Alexis

342 1226 581 1272 montibus
607 1225 677 1272 his
704 1226 854 1283 abeat,
880 1226 1033 1273 videas
1059 1241 1104 1274 et
1130 1227 1327 1274 flumina
1352 1228 1488 1275 sicca.

417 1292 470 1339 T.
507 1306 603 1339 aret
628 1309 734 1353 ager
756 1313 769 1349 ;
804 1293 920 1339 vitio
946 1295 1149 1340 moriens
1175 1295 1270 1340 sitit
1295 1295 1407 1340 aeris
1430 1294 1573 1340 herba
1593 1314 1607 1348 3

342 1359 485 1404 Liber
512 1359 782 1421 pampineas
807 1359 977 1406 invidit
1003 1361 1205 1407 collibus
1231 1361 1414 1407 umbras
1439 1379 1449 1408 :

345 1425 571 1486 Phyllidis
597 1426 802 1472 adventu
831 1439 1014 1473 nostrae
1041 1443 1206 1473 nemus
1233 1444 1373 1473 omne
1399 1427 1585 1483 virebit,

344 1492 561 1554 Iuppiter
587 1506 633 1539 et
659 1493 781 1539 laeto
806 1493 1061 1540 descendet
1087 1493 1316 1555 plurimus
1341 1493 1496 1540 imbri.
1734 1507 1776 1539 60

414 1560 471 1606 C.
510 1560 708 1621 populus
734 1560 934 1606 Alcidae
960 1560 1228 1620 gratissima,
1257 1560 1362 1606 vitis
1388 1561 1576 1616 Iaccho,

343 1625 569 1672 formosae
595 1639 774 1688 myrtus
801 1627 995 1681 Veneri,
1025 1644 1102 1672 sua
1127 1627 1283 1673 laurea
1309 1627 1499 1673 Phoebo
1521 1647 1534 1682 ;

346 1692 525 1753 Phyllis
551 1706 673 1739 amat
699 1693 883 1754 corylos
904 1712 919 1747 ;
955 1693 1056 1740 illas
1083 1693 1196 1740 dum
1225 1694 1402 1754 Phyllis
1427 1693 1615 1748 amabit,

344 1775 432 1805 nec
460 1773 637 1820 myrtus
663 1760 824 1807 vincet
849 1760 1032 1822 corylos
1059 1777 1146 1806 nec
1172 1761 1329 1806 laurea
1356 1759 1551 1806 Phoebi.

420 1825 470 1872 T.
508 1826 717 1872 fraxinus
742 1826 790 1872 in
819 1826 945 1872 silvis
970 1827 1301 1889 pulcherrima,
1329 1827 1467 1888 pinus
1492 1826 1542 1872 in
1567 1825 1729 1883 hortis,

345 1893 546 1955 populus
572 1893 620 1939 in
648 1892 816 1949 fluviis,
845 1893 969 1941 abies
995 1893 1044 1940 in
1071 1894 1311 1940 montibus
1336 1893 1438 1939 altis
1463 1911 1473 1939 ε

345 1959 524 2021 saepius
550 1973 594 2006 at
620 1959 654 2005 si
682 1976 775 2016 me,
801 1960 978 2021 Lycida
998 1960 1214 2017 formose,
1240 1960 1421 2016 revisas,

346 2026 554 2073 fraxinus
579 2026 627 2071 in
655 2026 780 2072 silvis
808 2026 942 2074 cedat
967 2026 1070 2084 tibi,
1096 2027 1233 2088 pinus
1259 2027 1308 2072 in
1333 2026 1493 2074 hortis.

421 2093 493 2139 M.
541 2094 656 2139 haec
700 2093 914 2150 memini,
957 2106 1004 2140 et
1047 2093 1229 2140 victum
1277 2094 1445 2140 frustra
1487 2092 1775 2139 contendere

484 2159 724 2220 Thyrsim.

350 2241 404 2271 ex
432 2226 514 2272 illo
541 2226 765 2288 Corydon
793 2227 1014 2288 Corydon
1043 2240 1111 2273 est
1136 2240 1346 2289 tempore
1371 2225 1521 2274 nobiS.
1739 2249 1779 2280 70

774 2307 822 2355 48
855 2310 964 2346 laeto.
1080 2308 1125 2357 56
1156 2307 1284 2346 aberit.
