1866 3208
590 219 863 257 AENEIDOS
894 218 998 256 LIB.
1033 218 1116 254 XII
1527 217 1600 268 365

174 342 255 375 aut
281 329 360 374 ubi
387 328 584 374 decursu
610 324 771 386 rapido
797 324 854 370 de
881 324 1122 371 montibus
1146 324 1252 370 altis

173 396 287 442 dant
311 394 517 440 sonitum
545 391 751 453 spumosi
777 408 954 466 amnes,
982 404 1029 438 et
1053 391 1104 437 in
1130 408 1332 466 aequora
1359 406 1556 438 currunt

174 462 372 526 quisque
397 475 533 504 suum
558 458 811 521 populatus
836 458 955 505 iter:
994 475 1090 504 non
1116 458 1304 519 segnius
1328 458 1468 504 ambo

173 530 355 575 Aeneas
380 525 672 588 Turnusque
699 537 845 571 ruunt
869 542 955 588 per
980 525 1191 588 proelia;
1229 542 1374 583 nunc,
1401 542 1531 572 nunc

172 592 407 641 fluctuat
396 609 461 638 ira
487 592 645 646 intus3
682 605 974 655 rumpuntur
998 592 1154 638 nescia
1180 592 1306 639 vinci

171 673 391 724 pectora3
429 676 557 706 nunc
584 659 692 705 totis
719 659 769 705 in
794 660 989 705 vulnera
1013 658 1189 705 viribus
1216 660 1326 706 itur.

174 728 461 774 Murranum
486 726 582 783 hic,
607 740 760 772 atavos
788 740 834 772 et
858 743 1051 772 avorum
1076 726 1271 788 antiqua
1297 739 1545 772 sonantem

171 793 380 852 nomina,
407 810 490 856 per
514 810 739 856 regesque
766 806 925 839 actum
951 809 1098 854 genus
1124 810 1264 839 omne
1291 793 1500 849 LatinOS‚
1544 817 1606 848 530

170 861 480 924 praecipitem
506 861 700 922 scopulo
725 874 867 923 atque
894 860 1100 921 ingentis
1126 860 1316 907 turbine
1343 860 1437 906 saxi

171 928 355 974 excutit
379 927 677 989 effunditque
705 928 832 982 solo;
867 929 998 974 hunc
1025 928 1121 973 lora
1149 940 1195 973 et
1219 927 1327 988 iuga
1353 927 1515 973 subter

168 995 441 1057 provolvere
466 1007 623 1046 rotae;
661 994 826 1041 crebro
852 1011 991 1057 super
1017 994 1192 1055 ungula
1215 995 1356 1057 pulsu

170 1062 315 1108 incita
341 1079 429 1108 nec
456 1061 639 1107 domini
667 1078 935 1108 memorum
961 1062 1206 1124 proculcat
1232 1077 1480 1124 equorum.

169 1129 253 1175 ille
278 1128 436 1175 ruenti
466 1128 618 1190 Hyllo
644 1129 910 1191 animisque
937 1128 1130 1174 inmane
1157 1128 1379 1175 frementi

168 1195 387 1250 occurrit,
415 1196 664 1258 telumque
692 1209 850 1242 aurata
876 1196 934 1241 ad
956 1209 1168 1258 tempora
1194 1209 1411 1258 torquet:

168 1263 249 1309 olli
276 1280 360 1325 per
385 1263 564 1324 galeam
592 1262 686 1309 fixo
713 1263 844 1309 stetit
869 1264 997 1309 hasta
1023 1263 1233 1309 cerebrO.

167 1330 357 1376 dextera
382 1346 471 1376 nec
497 1342 576 1376 tua
604 1342 668 1386 te,
697 1330 900 1376 Graium
928 1329 1201 1387 fortissime,
1228 1330 1459 1386 Cretheu,

170 1397 343 1459 eripuit
369 1396 570 1450 Turno3
608 1413 696 1443 nec
725 1397 771 1442 di
799 1411 960 1443 texere
988 1397 1291 1459 Cupencum,

167 1465 328 1510 Aenea
352 1464 592 1519 veniente,
619 1463 689 1509 sui
708 1483 723 1518 ;
760 1464 893 1510 dedit
918 1463 1053 1510 obvia
1079 1464 1201 1510 ferro
1546 1489 1606 1518 540

167 1544 374 1593 pectora,
399 1547 488 1577 nec
516 1531 686 1577 misero
712 1531 857 1593 clipei
885 1547 1015 1577 mora
1041 1530 1222 1593 profuit
1246 1531 1379 1577 aeris.

167 1611 212 1644 te
238 1615 428 1660 quoque
454 1598 717 1644 Laurentes
744 1598 982 1655 viderunt,
1008 1598 1174 1654 Aeole,
1202 1598 1356 1660 campi

167 1678 392 1727 oppetere
420 1678 465 1711 et
491 1665 582 1711 late
610 1678 780 1711 terram
809 1678 1111 1711 consternere
1138 1678 1298 1725 terg0;

167 1732 356 1789 occidis,
382 1732 580 1792 Argivae
609 1748 752 1794 quem
781 1748 878 1777 non
905 1745 1104 1794 potuere
1128 1732 1382 1794 phalanges

167 1812 390 1855 sternere,
415 1815 503 1845 nec
533 1797 706 1844 Priami
735 1815 990 1860 regnorum
1017 1815 1198 1845 eversor
1221 1799 1432 1845 Achilles
1451 1818 1464 1853 ;

165 1865 242 1912 hic
268 1865 354 1912 tibi
381 1865 545 1912 mortis
573 1879 705 1912 erant
734 1879 904 1923 metae,
929 1865 1096 1912 domus
1122 1866 1214 1912 alta
1240 1865 1326 1912 sub
1351 1866 1450 1923 Ida,

165 1933 363 1995 Lyrnesi
390 1932 555 1979 domus
582 1933 686 1991 alta,
717 1933 814 1979 solo
841 1933 1082 1979 Laurente
1108 1933 1428 1995 sepulchrum.

167 2012 289 2046 totae
315 1999 429 2046 adeo
454 2017 702 2046 conversae
731 2000 872 2057 acies,
898 2016 1158 2063 omnesque
1185 1999 1361 2056 Latini,

166 2083 328 2113 omnes
354 2067 668 2125 Dardanidae,
702 2068 988 2113 Mnestheus
1015 2084 1216 2130 acerque
1245 2068 1453 2113 Serestus

167 2147 212 2180 et
240 2135 486 2196 Messapus
513 2151 691 2197 equum
719 2134 926 2180 domitor
953 2148 998 2180 et
1025 2134 1154 2180 fortis
1178 2134 1328 2180 Asilas
1544 2158 1605 2188 550

167 2201 533 2276 Tuscorumque
558 2202 764 2264 phalanx
795 2201 1103 2264 Euandrique
1129 2202 1334 2248 Arcades
1359 2201 1472 2257 alae,

166 2285 250 2330 pro
275 2285 322 2314 se
348 2269 549 2332 quisque
573 2268 662 2315 viri
691 2286 871 2315 summa
898 2269 1121 2315 nituntur
1145 2285 1292 2344 opum
1316 2268 1391 2315 vi:

169 2351 254 2381 nec
282 2352 423 2393 mora,
451 2353 539 2382 nec
566 2336 781 2399 requies;
816 2349 946 2382 vasto
974 2335 1234 2382 certamine
1261 2336 1482 2382 tendunt.

234 2401 310 2448 hic
336 2416 548 2449 mentem
572 2404 762 2449 Aeneae
789 2403 1007 2464 genetrix
1032 2403 1352 2465 pulcherrima
1378 2402 1524 2459 misit,

169 2467 258 2514 iret
282 2481 335 2515 ut
358 2470 416 2515 ad
441 2487 612 2527 murOS,
641 2470 844 2533 urbique
870 2470 1133 2516 adverteret
1157 2486 1325 2530 agmen

168 2534 300 2580 ocius
326 2547 373 2580 et
398 2536 549 2582 subita
576 2537 787 2583 turbaret
813 2537 945 2583 clade
972 2537 1182 2584 Latinos,

168 2600 269 2657 ille,
295 2613 347 2646 ut
370 2603 599 2662 vestigans
625 2604 804 2650 diversa
829 2621 913 2666 per
936 2603 1122 2664 agmina
1149 2604 1374 2649 Turnum

169 2669 262 2714 huc
289 2679 431 2729 atque
456 2669 548 2716 huc
575 2670 696 2717 acies
721 2670 1031 2727 circumtulit,
1058 2670 1226 2732 aspicit
1251 2670 1417 2716 urbem

169 2734 420 2781 inmunem
447 2735 565 2782 tanti
590 2735 706 2784 belli
731 2750 873 2800 atque
899 2737 1080 2800 inpune
1106 2737 1331 2798 quietam.
