1861 3256
637 294 968 333 GEoRG1c0N
997 295 1100 333 L1B.
1129 295 1150 332 1
1591 307 1640 345 37

206 416 372 478 terque
397 418 537 448 novas
562 400 745 448 circum
770 401 886 447 felix
915 415 990 448 eat
1015 402 1166 449 hostia
1190 402 1362 464 fruges,

205 471 361 517 omnis
387 486 527 532 quam
553 470 724 514 chorus
752 481 798 515 et
823 468 936 514 socii
964 469 1253 516 comitentur
1279 483 1487 528 ovantes,

207 550 252 584 et
281 537 509 583 Cererem
535 536 740 582 clamore
765 548 939 581 vocent
964 536 1014 581 in
1042 550 1204 583 tecta·
1191 574 1206 594 ,
1242 554 1398 601 neque
1425 550 1531 583 ante

205 604 379 650 falcem
403 603 594 649 maturis
621 602 867 666 quisquam
893 617 1126 665 supponat
1152 604 1314 662 aristis,

205 688 348 734 quam
376 670 539 717 Cereri
565 682 688 716 torta
711 670 959 716 redimitus
987 683 1199 733 tempora
1224 688 1401 735 quercu

205 738 287 785 det
312 751 465 785 motus
491 736 827 799 incompositos
853 750 900 783 et
927 737 1136 783 carmina
1162 739 1305 785 dicat.
1581 763 1643 793 350

129 799 139 805 ⁶
273 818 413 868 atque
437 807 555 851 haec
582 817 633 851 ut
659 804 796 851 certis
823 821 1064 867 possemus
1091 805 1267 852 discere
1294 805 1448 867 signis,

204 886 449 935 aestusque
472 872 752 936 pluviasque
779 884 825 918 et
852 884 1042 932 agentes
1069 872 1240 932 frigora
1265 887 1443 930 ventos,

203 939 303 1002 ipse
332 940 467 985 Pater
493 939 668 997 statuit,
696 939 810 1003 quid
835 952 1076 985 menstrua
1102 940 1215 985 luna
1242 953 1470 997 moneret,

202 1024 296 1070 quo
322 1006 454 1066 signo
481 1006 706 1053 caderent
731 1006 906 1064 Austri,
936 1006 1050 1070 quid
1075 1024 1209 1069 saepe
1235 1007 1450 1053 videntes

202 1073 433 1134 agricolae
457 1073 650 1136 propius
681 1073 871 1119 stabulis
898 1087 1110 1120 armenta
1135 1087 1370 1121 tenerent.

202 1141 434 1187 continuo
458 1141 612 1187 ventis
639 1139 937 1202 surgentibus
965 1154 1043 1187 aut
1069 1141 1188 1187 freta
1212 1141 1347 1205 ponti

201 1207 446 1270 incipiunt
472 1208 642 1268 agitata
670 1222 932 1255 tumescere
961 1222 1006 1255 et
1033 1208 1186 1254 aridus
1213 1208 1318 1254 altis

201 1275 440 1321 montibus
467 1275 674 1321 audiri
647 1293 815 1337 rragor,
845 1290 923 1322 aut
949 1273 1188 1322 resonanti
1192 1293 1216 1320 a
1241 1275 1381 1336 longe
1412 1294 1417 1299 ·

201 1342 338 1388 litora
364 1342 553 1388 misceri
582 1357 628 1389 et
654 1360 907 1389 nemorum
935 1343 1282 1389 increbrescere
1310 1359 1539 1389 murmur.

200 1409 294 1455 iam
321 1409 407 1456 sibi
434 1423 537 1456 tum
563 1409 718 1456 curvis
744 1411 866 1456 male
895 1423 1128 1473 temperat
1155 1410 1279 1456 unda
1305 1409 1490 1467 carinis,
1581 1422 1642 1463 360

202 1493 313 1523 cum
339 1476 497 1523 medio
523 1478 698 1523 celeres
724 1478 940 1523 revolant
967 1494 1023 1523 ex
1050 1494 1255 1540 aequore
1281 1476 1428 1537 mergi

203 1544 554 1619 clamoremque
580 1544 740 1590 ferunt
767 1544 825 1591 ad
850 1544 1004 1602 litora,
1034 1561 1241 1606 cumque
1267 1543 1477 1590 marinae

200 1611 249 1656 in
277 1611 402 1657 sicco
428 1611 601 1658 ludunt
626 1611 816 1669 fulicae,
845 1624 1069 1674 notasque
1094 1611 1289 1673 paludes

200 1678 373 1724 deserit
399 1692 537 1741 atque
564 1679 705 1724 altam
733 1696 869 1740 supra
894 1679 1019 1724 volat
1045 1677 1183 1724 ardea
1208 1677 1402 1724 nubem.

200 1763 335 1807 saepe
361 1745 505 1791 etiam
532 1745 687 1791 stellas
714 1758 858 1791 vento
884 1744 1180 1807 inpendente
1205 1744 1388 1791 videbis

198 1811 479 1875 praecipites
507 1812 636 1858 caelo
662 1812 772 1870 labi,
802 1812 1050 1875 noctisque
1075 1829 1160 1874 per
1188 1811 1404 1858 umbram

199 1878 496 1925 flammarum
522 1880 683 1940 longos
711 1897 735 1925 a
764 1892 897 1940 tergo
925 1879 1160 1925 albescere
1187 1892 1360 1925 tractus
1383 1899 1398 1933 3

199 1964 336 2009 saepe
362 1947 517 1993 levem
541 1947 727 2010 paleam
755 1960 799 1993 et
827 1946 1014 1993 frondes
1040 1946 1240 1992 volitare
1267 1947 1480 2004 caducas,

200 2027 282 2060 aut
307 2021 488 2060 summa
514 2027 680 2060 nantes
705 2014 755 2059 in
783 2031 901 2089 aqua
928 2014 1172 2060 colludere
1198 2014 1397 2076 plumas.

200 2094 247 2127 at
272 2081 452 2127 Boreae
477 2082 534 2128 de
559 2095 691 2144 parte
717 2081 859 2128 trucis
888 2098 999 2128 cum
1025 2081 1262 2138 fulminat,
1292 2094 1338 2127 et
1365 2098 1475 2128 cum
1579 2105 1641 2136 370

201 2148 412 2212 Eurique
438 2148 747 2213 Zephyrique
774 2162 906 2196 tonat
933 2149 1114 2206 domus,
1140 2148 1299 2194 omnia
1323 2148 1478 2211 plenis

199 2233 305 2262 rura
330 2229 497 2262 natant
522 2216 669 2274 fossis,
697 2229 836 2279 atque
863 2215 1017 2262 omnis
1045 2216 1205 2261 navita
1228 2230 1376 2278 ponto

201 2283 361 2329 umida
387 2284 492 2329 vela
518 2283 648 2344 legit.
722 2300 984 2347 numquam
1012 2283 1380 2345 inprudentibus
1406 2282 1560 2330 imber

199 2350 354 2397 obfuit
378 2370 388 2398 :
426 2363 506 2397 aut
531 2351 669 2397 illum
696 2364 966 2412 surgentem
991 2350 1193 2397 vallibus
1220 2350 1325 2396 imis

202 2417 350 2464 aeriae
377 2417 539 2479 fugere
565 2435 717 2479 grues,
746 2432 823 2464 aut
850 2418 1023 2465 bucula
1044 2418 1234 2469 ‚caelum

203 2484 458 2546 suspiciens
483 2486 658 2548 patulis
684 2485 891 2548 captavit
917 2485 1106 2531 naribus
1133 2503 1278 2543 auras,

204 2563 282 2596 aut
307 2565 468 2612 arguta
491 2553 617 2599 lacus
645 2552 1046 2599 circumvolitavit
1071 2551 1280 2599 hirundo

205 2629 251 2662 et
275 2631 482 2666 veterem
508 2620 557 2666 in
585 2620 700 2666 limo
725 2637 863 2666 ranae
890 2619 1112 2666 cecinere
1139 2620 1420 2683 querellam.

204 2683 385 2745 saepius
412 2699 458 2731 et
483 2687 618 2733 tectis
643 2686 964 2749 penetralibus
994 2687 1165 2733 extulit
1191 2705 1277 2733 ova

203 2763 452 2812 angustum
479 2753 672 2799 formica
699 2767 852 2799 terens
878 2754 979 2811 iter,
1009 2767 1055 2800 et
1080 2753 1201 2799 bibit
1226 2754 1391 2813 ingens
1576 2764 1638 2806 380

561 2839 634 2876 357
666 2830 813 2868 arduus,
927 2830 1003 2878 360
1033 2844 1053 2867 a
1074 2830 1210 2867 curvis.
