1861 3256
238 228 289 266 90

687 218 730 254 P.
760 216 994 254 VERGILI
1024 218 1281 255 MARONIS

302 323 528 380 volveret,
556 322 826 383 Eurydicen
851 339 942 368 vox
967 323 1063 385 ipsa
1091 337 1137 370 et
1163 324 1328 385 frigida
1354 324 1515 383 lingua

303 407 328 436 a
351 390 566 436 miseram
592 388 863 449 Eurydicen
887 389 896 435 Ι
938 390 1092 436 anima
1119 391 1335 451 fugiente
1359 390 1589 448 vocabat3

303 456 571 516 Eurydicen
599 468 698 500 toto
723 455 994 502 referebant
1019 456 1217 503 flumine
1241 455 1402 519 ripae.²

301 523 418 568 haec
447 522 656 577 Proteus,
685 534 731 566 et
757 537 803 567 se
829 521 955 568 iactu
982 523 1116 569 dedit
1142 540 1314 585 aequor
1339 523 1388 568 in
1416 522 1581 580 altum,

302 604 488 650 quaque
514 586 661 643 dedit,
689 601 989 649 spumantem
1015 590 1192 635 undam
1220 590 1302 635 sub
1328 589 1507 635 vertice
1533 589 1682 638 torsit.

369 666 414 699 at
432 670 528 698 non
558 653 780 714 Cyrene3
817 671 1022 718 namque
1049 657 1173 702 ultro
1199 656 1355 701 adfata
1383 655 1665 703 timentem:

269 724 282 745 ‘
299 733 423 776 nate,
452 719 567 766 licet
593 719 743 766 tristes
771 721 929 767 animo
955 722 1196 784 deponere
1223 739 1369 768 curas.
1664 747 1721 777 531

299 787 416 832 haec
443 785 595 831 omnis
622 787 774 833 morbi
802 805 955 846 causa,
981 789 1093 835 hinc
1121 788 1385 834 miserabile
1412 788 1684 851 Nymphae,

301 869 410 899 cum
437 852 608 914 quibus
633 853 714 899 illa
739 856 904 900 choros
932 855 1050 901 lucis
1078 855 1282 916 agitabat
1308 855 1357 900 in
1385 855 1506 912 altis,

302 919 501 965 exitium
527 919 694 966 misere
720 920 898 982 apibus,
970 935 1021 967 tu
1047 939 1243 968 munera
1270 922 1471 983 supplex

301 985 442 1032 tende
468 999 636 1047 petens
660 1003 826 1048 pacem
854 1001 900 1033 et
926 988 1088 1034 faciles
1113 1005 1338 1034 venerare
1365 988 1584 1050 Napaeas
1606 1008 1620 1044 ;

301 1069 505 1114 namque
532 1052 711 1099 dabunt
735 1053 924 1099 veniam
949 1055 1069 1100 votis
1095 1054 1277 1117 irasque
1303 1054 1562 1101 remittent.

301 1119 380 1164 sed
406 1119 573 1164 modus
597 1119 762 1165 orandi
789 1120 869 1182 qui
895 1120 968 1177 sit,
995 1121 1121 1182 prius
1148 1121 1312 1167 ordine
1338 1121 1510 1168 dicam.

302 1198 522 1247 quattuor
551 1186 745 1231 exlmios
772 1187 1025 1248 praestanti
1054 1204 1251 1249 corpore
1278 1201 1449 1244 tauros,

301 1252 381 1314 qui
410 1252 494 1297 tibi
522 1269 650 1298 nunc
677 1252 836 1298 viridis
863 1253 1124 1315 depascunt
1150 1271 1331 1299 summa
1357 1254 1551 1315 Lycaei,

301 1319 471 1378 delige,
501 1331 547 1365 et
572 1319 750 1365 intacta
777 1319 976 1365 totidem
1003 1320 1184 1366 cervice
1210 1320 1453 1366 iuvencas.
1668 1343 1729 1372 540

301 1398 522 1448 quattuor
546 1385 618 1431 his
642 1403 736 1431 aras
764 1386 857 1432 alta
883 1386 939 1432 ad
965 1387 1159 1432 delubra
1185 1387 1378 1432 dearum

301 1451 553 1508 constitue,
580 1464 626 1498 et
652 1469 834 1498 sacrum
860 1452 1029 1512 iugulis
1055 1453 1251 1498 demitte
1278 1469 1510 1510 cruorem,

301 1535 588 1580 corporaque
615 1519 713 1581 ipsa
741 1519 884 1565 boum
911 1519 1131 1565 frondoso
1156 1519 1315 1565 desere
1343 1520 1469 1565 luco.

299 1598 419 1647 post,
447 1585 526 1630 ubi
553 1602 677 1631 nona
704 1603 808 1632 suos
833 1587 1017 1632 Aurora
1044 1586 1303 1632 ostenderit
1327 1598 1468 1642 ortus,

299 1652 488 1697 inferias
516 1652 700 1713 Orphei
728 1653 937 1698 Lethaea
962 1670 1194 1714 papavera
1219 1653 1377 1698 mittes

299 1731 344 1764 et
372 1718 548 1778 nigram
577 1719 804 1764 mactabis
829 1736 966 1764 ovem
994 1720 1252 1781 lucumque
1278 1719 1447 1765 revises
1472 1738 1486 1772 3

298 1785 532 1846 placatam
559 1785 830 1846 Eurydicen
856 1785 1004 1831 vitula
1029 1786 1314 1831 venerabere
1341 1783 1504 1832 caesa?

298 1851 426 1897 haud
452 1868 580 1897 mora
603 1872 617 1908 ;
654 1851 885 1898 continuo
911 1851 1069 1898 matris
1094 1865 1344 1914 praecepta
1370 1851 1557 1898 facessit
1580 1872 1592 1909 3

298 1918 355 1963 ad
380 1918 574 1964 delubra
598 1918 747 1975 venit,
773 1932 1050 1964 monstratas
1079 1919 1252 1965 excitat
1279 1936 1390 1975 aras,

299 1997 519 2046 quattuor
547 1984 741 2030 eximios
770 1985 1024 2047 praestanti
1052 2002 1246 2059 corpore
1274 1998 1427 2030 tauros
1666 2009 1728 2039 550

298 2051 430 2097 ducit
457 2065 503 2097 et
529 2051 708 2097 intacta
735 2051 935 2097 totidem
963 2051 1146 2098 cervice
1172 2051 1412 2097 iuvencas.

299 2130 418 2178 post,
444 2117 524 2164 ubi
552 2135 676 2164 nona
703 2135 805 2164 suos
831 2120 1013 2164 Aurora
1040 2118 1290 2164 induxerat
1315 2131 1456 2176 ortus,

299 2184 488 2230 inferias
516 2185 699 2246 Orphei
727 2185 874 2232 mittit
900 2186 1157 2247 lucumque
1183 2184 1358 2231 revisit.

297 2250 375 2296 hic
403 2268 512 2297 vero
538 2252 745 2298 subitum
773 2269 824 2298 ac
852 2252 984 2298 dictu
1012 2252 1225 2298 mirabile
1252 2264 1514 2298 monstrum

299 2317 547 2377 aspiciunt,
576 2318 833 2380 liquefacta
861 2319 1004 2365 boum
1030 2336 1111 2380 per
1136 2319 1312 2364 viscera
1340 2331 1440 2364 toto

300 2383 495 2429 stridere
522 2401 631 2445 apes
658 2398 791 2431 utero
818 2398 865 2431 et
889 2385 1038 2447 ruptis
1067 2385 1292 2430 effervere
1318 2383 1472 2440 costis,

299 2449 630 2512 inmensasque
657 2451 776 2497 trahi
803 2452 966 2507 nubes,
994 2451 1182 2513 iamque
1209 2450 1370 2496 arbore
1397 2467 1578 2496 summa

299 2515 538 2562 confluere
565 2530 610 2563 et
635 2517 777 2563 lentis
803 2534 940 2563 uvam
968 2517 1216 2563 demittere
1242 2517 1394 2563 ramis.

366 2584 482 2630 haec
509 2600 646 2645 super
672 2600 886 2629 arvorum
913 2584 1046 2629 cultu
1073 2600 1392 2646 pecorumque
1418 2582 1647 2630 canebam

301 2680 371 2720 531
406 2683 640 2720 componere.
755 2681 829 2720 540
859 2671 1029 2708 intactas.
1143 2681 1217 2721 550
1248 2670 1386 2707 eximio
1417 2676 1655 2720 praestantes.

842 2734 913 2773 551
947 2725 1120 2761 intactas.
