1866 3208
274 249 352 298 236
734 249 777 287 P.
806 247 1040 286 VERGILI
1070 249 1329 287 MARONIS

341 355 591 401 Auruncos
618 353 684 399 ita
712 354 828 399 ferre
856 369 1003 412 senes,
1028 354 1100 400 his
1126 367 1253 401 ortus
1281 367 1332 400 ut
1357 352 1474 414 agris

341 420 593 467 Dardanus
622 419 783 464 Idaeas
812 419 1040 481 Phrygiae
1066 421 1325 483 penetrarit
1352 421 1409 466 ad
1435 420 1587 478 urbes,

342 485 721 547 Threiciamque
745 485 954 544 Samum,
976 504 1096 549 quae
1117 504 1244 534 nunc
1265 486 1586 533 Samothracia
1605 486 1768 533 fertur.

341 552 454 598 hinc
482 551 622 597 illum
651 551 854 613 Corythi
884 551 1137 613 Tyrrhena
1164 555 1220 599 ab
1247 553 1352 599 sede
1378 552 1645 614 profectum

341 634 477 664 aurea
504 634 633 663 nunc
662 617 779 663 solio
806 618 1040 666 stellantis
1065 620 1189 681 regia
1214 619 1330 666 caeli
1705 643 1773 683 ,κιο

342 683 534 745 accipit,
563 696 609 730 et
637 701 890 731 numerum
909 685 1124 732 divorum
1149 686 1371 732 altaribus
1398 683 1565 745 auget.’

409 750 625 807 dixerat3
664 763 711 797 et
737 751 864 797 dicta
890 751 1103 799 Ilioneus
1129 753 1193 799 sic
1219 769 1333 798 voce
1360 765 1544 798 secutus
1572 771 1581 797 ;

309 822 437 873 ‘rex‚
465 833 611 877 genus
640 818 879 878 egregium
907 819 1072 876 Fauni,
1101 835 1188 865 nec
1210 818 1434 864 fluctibus
1461 830 1588 864 actos

342 896 438 929 atra
465 884 648 943 subegit
674 884 858 946 hiemps
883 885 1048 931 vestris
1075 886 1327 932 succedere
1354 884 1502 942 terris,

342 966 430 996 nec
458 949 583 995 sidus
610 950 801 1010 regione
828 950 929 996 viae
956 951 1126 998 litusve
1154 952 1328 997 fefellit
1352 971 1366 1006 3

343 1015 544 1062 consilio
569 1017 693 1062 hanc
720 1033 882 1062 omnes
910 1018 1172 1081 animisque
1198 1018 1469 1064 volentibus
1497 1018 1659 1063 urbem

343 1082 616 1140 adferimur‚
644 1082 768 1145 pulsi
796 1083 965 1143 regnis,
993 1101 1112 1146 quae
1137 1084 1342 1130 maxima
1368 1084 1608 1147 quondam

344 1162 557 1195 extremo
582 1149 780 1195 veniens
810 1150 888 1196 Sol
917 1151 1172 1211 aspiciebat
1199 1151 1427 1213 Olympo.

344 1216 401 1262 ab
429 1217 543 1261 Iove
570 1215 864 1278 principium
889 1217 1072 1276 generis
1096 1238 1108 1273 3
1146 1218 1258 1263 Iove
1284 1217 1675 1279 Dardanavpubes

345 1283 520 1343 gaudet
546 1299 631 1328 avo
654 1303 666 1339 3
704 1299 784 1328 rex
810 1282 911 1345 ipse
939 1283 1062 1329 Iovis
1089 1284 1148 1330 de
1173 1296 1313 1344 gente
1340 1300 1572 1345 suprema,
1711 1306 1774 1329 220

346 1349 522 1394 Tro‘i'us
547 1350 752 1406 Aeneas,
779 1362 858 1395 tua
885 1366 969 1395 nos
997 1350 1052 1395 ad
1080 1350 1247 1396 limina
1273 1349 1415 1396 misit.

345 1428 521 1478 quanta
546 1432 629 1477 per
656 1416 821 1462 Idaeos
849 1416 994 1462 saevis
1023 1417 1167 1462 effusa
1195 1415 1417 1478 Mycenis

345 1495 599 1544 tempestas
624 1482 731 1528 ierit
758 1499 962 1545 campos,
990 1482 1160 1545 quibus
1186 1496 1315 1528 actus
1342 1496 1538 1544 uterque

346 1549 563 1611 Europae
591 1562 732 1611 atque
758 1549 896 1595 Asiae
918 1549 1025 1595 fatis
1047 1549 1339 1596 concurrerit
1365 1549 1503 1604 orbis,

345 1615 511 1672 audiit,
540 1629 586 1661 et
613 1616 648 1661 si
676 1632 818 1678 quem
846 1616 986 1662 tellus
1014 1630 1223 1662 extrema
1248 1616 1405 1662 refuso

346 1682 594 1728 submovet
622 1683 835 1739 Oceano,
863 1696 910 1728 et
935 1682 969 1728 si
997 1700 1140 1745 quem
1167 1695 1360 1728 extenta
1384 1683 1625 1744 plagarum

346 1762 569 1811 quattuor
593 1748 643 1794 in
669 1748 826 1794 medio
852 1749 1033 1794 dirimit
1057 1747 1192 1810 plaga
1218 1749 1335 1795 Solis
1361 1748 1529 1811 iniqui.

346 1815 528 1861 diluvio
556 1831 612 1861 ex
638 1814 722 1860 illo
749 1827 816 1861 tot
841 1828 969 1861 vasta
993 1832 1078 1877 per
1103 1832 1306 1877 aequora
1329 1815 1455 1861 vecti

346 1881 417 1927 dis
443 1881 600 1927 sedem
628 1881 844 1942 exiguam
869 1881 1031 1943 patriis
1057 1882 1264 1944 litusque
1290 1898 1504 1942 rogamus

346 1948 626 2005 innocuum,
656 1962 702 1994 et
727 1948 911 2022 cunctis
938 1948 1211 2010 undamque
1233 1965 1488 2010 auramque
1513 1960 1773 2009 patentem.

347 2031 444 2060 non
471 2014 645 2061 erimus
671 2031 815 2074 regno
840 2014 1099 2072 indecores,
1126 2031 1214 2061 nec
1241 2027 1389 2060 vestra
1416 2014 1591 2060 feretur
1715 2037 1774 2067 231

347 2081 473 2127 fama
499 2081 632 2138 levis,
660 2081 876 2143 tantique
903 2081 1142 2127 abolescet
1167 2081 1314 2142 gratia
1341 2080 1471 2138 facti,

348 2164 437 2194 nec
466 2147 663 2194 Troiam
687 2147 920 2193 Ausonios
946 2148 1125 2208 gremio
1151 2147 1390 2209 excepisse
1415 2147 1610 2209 pigebit.

348 2214 444 2260 fata
470 2231 555 2276 per
579 2215 772 2261 Aeneae
797 2213 899 2260 iuro
924 2215 1232 2276 dextramque
1258 2227 1523 2277 potentem,

349 2280 443 2326 sive
470 2280 562 2326 fide
589 2297 668 2327 seu
697 2279 798 2343 quis
825 2281 954 2327 bello
979 2294 1048 2327 est
1072 2294 1291 2343 expertus
1318 2293 1365 2326 et
1390 2279 1525 2326 armis
1549 2299 1562 2335 ;

349 2346 490 2392 multi
518 2364 600 2392 nos
626 2347 810 2409 populi,
838 2347 1147 2393 multae—ne
1175 2360 1350 2404 temne,
1378 2345 1503 2408 quod
1531 2345 1654 2390 ultro

349 2413 656 2475 praeferimus
683 2413 898 2459 manibus
923 2413 1063 2458 vittas
1091 2430 1143 2458 ac
1168 2413 1309 2458 verba
1333 2411 1647 2474 precantia—

353 2492 399 2526 et
424 2479 606 2542 petiere
632 2479 719 2525 sibi
748 2491 794 2525 et
818 2480 1012 2525 voluere
1038 2479 1291 2539 adiungere
1317 2491 1497 2539 genteS.

349 2545 432 2592 sed
456 2563 539 2592 nos
567 2546 659 2592 fata
685 2546 829 2592 deum
855 2558 1025 2592 vestras
1053 2545 1296 2608 exquirere
1323 2557 1463 2591 terras

350 2612 559 2675 imperiis
587 2628 720 2672 egere
746 2612 854 2659 suis.
925 2612 1036 2658 hinc
1063 2611 1311 2658 Dardanus
1337 2624 1464 2658 ortus
1487 2631 1500 2668 ;
1718 2632 1780 2663 240

350 2681 443 2726 huc
470 2679 645 2742 repetit
670 2678 896 2741 iussisque
922 2678 1192 2739 ingentibus
1219 2691 1385 2738 urguet
1409 2678 1585 2740 Apollo

645 2767 721 2805 207
753 2755 973 2806 penetravit.
1087 2767 1161 2804 237
1193 2762 1426 2804 precantum.
