1861 3256
542 857 747 905 LIBER
786 856 1127 921 QUARTUS

145 1012 223 1059 AT
245 1010 407 1072 regina
433 1010 560 1072 gravi
586 1010 865 1057 iamdudum
893 1010 1046 1057 saucia
1074 1028 1184 1058 cura

146 1079 319 1126 vulnus
346 1078 432 1125 alit
457 1078 607 1136 veniS‚
637 1091 683 1124 et
710 1095 852 1124 caeco
880 1078 1087 1140 carpitur
1111 1078 1226 1139 igni.

147 1146 299 1192 multa
324 1145 412 1192 viri
437 1144 584 1192 virtus
612 1145 788 1203 animo,
816 1146 1090 1209 multusque
1115 1158 1324 1192 recursat

146 1212 300 1274 gentis
325 1213 510 1270 honos;
546 1213 748 1259 haerent
773 1211 908 1259 infixi
933 1226 1129 1275 pectore
1154 1213 1314 1259 vultus

146 1280 401 1343 verbaque,
429 1296 519 1326 nec
544 1279 785 1343 placidam
811 1278 1035 1326 membris
1062 1280 1142 1326 dat
1168 1297 1279 1327 cura
1306 1279 1537 1344 quietem,

145 1359 332 1410 postera
361 1347 584 1394 Phoebea
611 1347 840 1394 lustrabat
866 1347 1086 1410 lampade
1113 1361 1254 1394 terras

146 1426 493 1477 umentemque
518 1415 700 1460 Aurora
726 1414 840 1476 polo
866 1414 1131 1460 dimoverat
1156 1415 1390 1471 umbram,

147 1498 257 1528 cum
283 1480 347 1527 sic
375 1480 656 1527 unanimam
683 1481 957 1544 adloquitur
982 1482 1108 1528 male
1134 1499 1244 1528 sana
1271 1499 1509 1529 sororem:

115 1552 128 1572 ‘
145 1549 288 1594 Anna
314 1565 454 1606 soror,
483 1565 604 1611 quae
629 1564 708 1594 me
734 1565 1006 1611 suspensam
1032 1548 1272 1595 insomnia
1300 1562 1483 1596 terrent
1506 1550 1514 1597 l

147 1615 249 1678 quis
276 1632 426 1661 novus
450 1615 529 1661 hic
557 1614 726 1661 nostris
755 1615 977 1662 successit
1002 1615 1190 1661 sedibus
1216 1617 1386 1678 hospes
1410 1617 1419 1664 !
1550 1641 1589 1662 10

146 1698 290 1745 quem
316 1699 413 1728 sese
440 1698 519 1728 ore
546 1681 701 1728 ferens
727 1682 735 1728 l
777 1699 918 1745 quam
944 1682 1056 1728 forti
1081 1695 1279 1745 pectore
1308 1696 1354 1729 et
1380 1683 1518 1729 armis
1542 1684 1550 1731 Ξ

146 1749 288 1796 credo
317 1748 555 1811 equidem,
583 1765 672 1795 nec
700 1766 818 1794 vana
845 1748 976 1807 fides,
1002 1765 1149 1810 genus
1178 1766 1274 1796 esse
1301 1750 1531 1798 deorum:

144 1816 403 1876 degeneres
429 1815 612 1861 animos
640 1815 782 1862 timor
807 1816 973 1878 arguit.
1044 1817 1155 1874 hen,
1183 1817 1354 1880 quibus
1381 1817 1465 1864 ille

144 1883 344 1929 iactatus
370 1881 479 1929 fatis
504 1882 512 1930 ἔ
555 1900 676 1946 quae
704 1883 832 1930 bella
860 1884 1085 1930 exhausta
1112 1884 1316 1931 canebat
1340 1885 1349 1932 Ξ

144 1950 180 1997 si
207 1949 325 1996 mihi
353 1965 451 1996 non
479 1949 642 1996 animo
672 1949 819 1997 fixum
846 1950 1183 2015 inmotumque
1210 1952 1397 1999 sederet

144 2035 206 2065 ne
233 2017 310 2064 cui
336 2035 413 2064 me
438 2017 602 2064 vinclo
629 2018 809 2064 vellem
837 2018 1014 2065 sociare
1041 2018 1202 2080 iugali,

142 2098 394 2149 postquam
419 2085 600 2148 primus
627 2102 758 2131 amor
785 2085 1038 2149 deceptam
1064 2100 1217 2132 morte
1244 2086 1456 2142 fefellit3

144 2152 179 2198 si
207 2170 304 2199 non
332 2166 603 2215 pertaesum
631 2152 829 2199 thalami
858 2153 1120 2216 taedaeque
1146 2153 1327 2211 fuisset,

144 2220 257 2267 huic
284 2219 367 2267 uni
393 2219 552 2266 forsan
578 2220 714 2283 potui
743 2220 1052 2266 succumbere
1079 2220 1264 2283 culpae.

144 2287 543 2334 Anna—fatebor
571 2287 930 2334 enim—miseri
956 2301 1062 2350 post
1089 2287 1184 2333 fata
1211 2286 1412 2350 Sychaei
1548 2311 1588 2333 20

147 2353 356 2416 coniugis
385 2367 432 2401 et
457 2372 636 2418 sparsos
664 2355 872 2402 fraterna
899 2355 1045 2402 caede
1074 2355 1291 2413 PenateS‚

147 2420 269 2466 solus
294 2421 373 2468 hic
399 2421 588 2468 inflexit
615 2439 791 2480 sensus,
820 2422 1133 2485 animumque
1160 2422 1404 2468 labantem

146 2485 354 2548 inpulit:
392 2490 627 2551 adgnosco
654 2489 826 2536 veteris
853 2489 1050 2550 vestigia
1075 2488 1311 2536 fiammae.

147 2553 229 2599 sed
254 2553 371 2600 mihi
396 2557 472 2602 vel
501 2557 643 2603 tellus
669 2571 833 2620 optem
858 2557 987 2620 prius
1014 2556 1108 2603 ima
1135 2557 1364 2614 dehiscat,

145 2619 222 2666 vel
252 2619 390 2666 Pater
415 2623 721 2686 omnipotens
748 2624 904 2685 adigat
930 2641 1006 2670 me
1033 2624 1240 2670 fulmine
1267 2624 1325 2669 ad
1353 2621 1555 2679 umbras,

144 2686 382 2750 pallentes
408 2690 595 2736 umbras
621 2691 764 2737 Erebi
793 2705 1086 2754 noctemque
1112 2689 1417 2753 profundam,

727 2768 776 2805 26
808 2769 938 2805 Erebo.
