1861 3256
539 244 815 283 AENEIDOS
847 245 950 284 LIB.
979 245 1044 283 IV
1486 261 1501 285 1
1510 259 1556 299 75

116 354 151 400 si
179 367 226 401 te
251 355 322 400 his
349 352 556 414 attigerit
581 352 715 398 terris
739 353 922 399 Aurora
949 366 1233 400 morantem.

113 420 223 467 heia
249 437 345 481 age,
372 437 540 481 rumpe
564 436 731 465 moras,
802 420 985 466 varium
1013 434 1059 466 et
1085 419 1318 466 mutabile
1344 437 1530 483 semper

115 487 329 535 femina.'
400 486 462 533 sic
489 486 612 532 fatus
638 485 767 532 nocti
795 503 842 532 se
868 487 1112 533 inmiscuit
1138 500 1280 534 atrae.
1493 513 1555 543 570

183 567 283 601 tum
310 571 421 601 vero
445 555 631 599 Aeneas
658 552 824 599 subitis
852 554 1104 601 exterritus
1131 553 1306 600 umbris

115 621 310 683 corripit
338 639 362 668 e
389 637 553 667 somno
579 637 763 681 corpu8,
791 620 1036 683 sociosque
1063 621 1257 682 fatigat:

113 688 397 750 praecipites
422 687 630 748 vigilate,
658 686 761 743 viri,
791 700 838 732 et
869 687 1105 734 considite
1133 688 1375 745 transtris;

113 755 283 802 solvite
308 755 414 801 vela
439 754 537 802 citi.
610 754 724 799 deus
750 755 942 800 aethere
967 754 1133 800 missus
1158 756 1214 801 ab
1241 756 1339 802 alto

112 821 341 868 festinare
369 822 529 883 fugam
555 835 797 883 tortosque
824 821 1040 867 incidere
1067 822 1205 868 funes

114 905 227 935 ecce
252 891 428 935 iterum
454 888 735 935 instimulat.
808 888 1051 950 sequimur
1072 901 1134 947 te,
1157 903 1319 936 sancte
1339 890 1552 947 deorum,

113 956 324 1018 quisquis
351 973 411 1013 es,
439 955 739 1017 imperioque
765 955 937 1001 iterum
964 973 1181 1017 paremus
1208 970 1419 1003 ovantes,

112 1023 232 1069 adsis
258 1040 286 1068 o
311 1022 624 1085 placidusque
650 1022 798 1080 iuves,
829 1036 876 1068 et
902 1022 1051 1069 sidera
1077 1023 1210 1069 caelo

112 1089 278 1136 dextra
304 1089 456 1136 feras.’
528 1089 665 1147 dixit,
693 1089 959 1152 vaginaque
987 1090 1127 1153 eripit
1154 1107 1316 1137 ensem

111 1156 418 1214 fulmineum,
447 1157 708 1219 strictoque
735 1157 848 1203 ferit
872 1157 1136 1204 retinacula
1163 1158 1304 1204 ferro.
1494 1172 1556 1210 580

109 1224 240 1270 idem
257 1240 422 1269 omnes
443 1223 583 1270 simul
606 1225 741 1270 ardor
761 1225 906 1271 habet
925 1245 937 1281 3
974 1225 1262 1287 rapiuntque
1281 1236 1523 1287 ruuntque
1544 1242 1553 1271 :

109 1291 249 1337 litora
275 1291 557 1347 deseruere;
595 1288 712 1337 lat'et
739 1292 823 1337 sub
851 1291 1075 1338 classibus
1100 1309 1307 1354 aequor;

109 1358 273 1404 adnixi
301 1372 528 1421 torquent
555 1375 741 1420 spumas
769 1371 815 1404 et
841 1359 1028 1405 caerula
1052 1372 1265 1406 verrunt.

179 1439 226 1471 et
251 1425 346 1471 iam
370 1425 523 1487 prima
551 1442 675 1471 novo
703 1426 948 1488 spargebat
973 1427 1158 1472 lumine
1185 1439 1329 1472 terras

111 1491 320 1538 Tithoni
348 1509 571 1538 croceum
599 1491 824 1566 linquens
849 1494 1031 1539 Aurora
1055 1493 1231 1539 cubile.

109 1559 272 1619 regina
298 1576 322 1605 e
349 1559 550 1621 speculis
579 1573 631 1605 ut
655 1577 864 1621 primum
891 1561 1129 1606 albescere
1155 1561 1316 1606 lucem

108 1625 244 1683 vidit,
275 1640 320 1672 et
346 1626 554 1689 aequatis
583 1627 779 1672 classem
805 1627 1066 1701 procedere
1092 1626 1224 1684 velis,

109 1692 344 1755 litoraque
373 1706 419 1738 et
443 1710 614 1739 vacuos
643 1693 788 1739 sensit
814 1693 916 1739 sine
941 1693 1118 1754 remige
1142 1707 1322 1755 portUS,

109 1774 276 1822 terque
302 1773 563 1822 quaterque
590 1777 736 1806 manu
762 1773 931 1821 pectus
954 1777 1173 1822 percussa
1200 1760 1429 1806 decorum

108 1826 432 1889 flaventesque
459 1827 657 1873 abscissa
686 1844 860 1885 comas,
891 1832 1006 1889 ‘pro
1033 1827 1280 1890 Iuppiter!
1320 1827 1410 1873 ibit
1492 1850 1555 1882 590

107 1891 218 1951 hic‚'
244 1893 323 1951 ait,
353 1900 365 1917 ⁶
383 1909 430 1939 et
456 1894 626 1941 nostris
652 1894 872 1940 inluserit
899 1895 1082 1940 advena
1107 1894 1295 1955 regnis?

108 1977 204 2006 non
233 1977 360 2007 arma
388 1961 662 2024 expedient,
693 1974 889 2025 totaque
919 1979 974 2008 ex
1002 1963 1119 2008 urbe
1145 1974 1420 2025 sequentur,

107 2027 446 2091 deripientque
472 2042 594 2075 rates
620 2029 699 2075 alii
728 2029 1008 2075 navalibus?
1045 2030 1126 2087 ite,

107 2095 230 2141 ferte
256 2095 339 2141 citi
365 2094 591 2154 flammas,
621 2097 730 2142 date
756 2097 878 2153 vela,
908 2096 1133 2158 inpellite
1159 2113 1329 2142 remOS.

107 2162 224 2225 quid
271 2163 475 2225 loquor?
513 2176 593 2209 aut
641 2162 722 2208 ubi
768 2167 902 2209 sum?
940 2180 1062 2226 quae
1104 2176 1320 2209 mentem
1365 2161 1551 2208 insania

240 2233 426 2276 mutat?

108 2295 279 2342 infelix
305 2296 463 2344 Dido!
504 2314 634 2343 nunc
663 2310 710 2343 te
735 2297 860 2343 facta
885 2297 1018 2360 inpia
1044 2301 1278 2358 tangunt?

110 2374 210 2408 tum
235 2364 413 2422 decuit,
441 2381 550 2411 cum
577 2377 760 2427 sceptra
786 2365 942 2411 dabas.
1017 2381 1077 2411 en
1104 2365 1271 2410 dextra
1298 2364 1524 2426 fidesque,

110 2445 252 2490 quem
276 2447 437 2477 secum
461 2431 638 2494 patrios
664 2431 799 2478 aiunt
825 2445 1013 2494 portare
1041 2432 1259 2489 Penates,

110 2512 252 2557 quem
278 2498 471 2544 subiisse
498 2499 670 2544 umeris
698 2499 977 2545 confectum
1004 2512 1159 2545 aetate
1184 2498 1463 2561 parentem!

110 2578 207 2607 non
233 2563 366 2624 potui
391 2566 641 2640 abreptum
667 2566 898 2612 divellere
925 2583 1109 2628 corpus,
1139 2581 1185 2612 et
1211 2565 1349 2612 undis
1488 2578 1551 2609 600

110 2633 356 2689 spargere?
393 2647 490 2677 non
517 2632 679 2690 socios,
708 2650 806 2679 non
833 2632 988 2695 ipsum
1015 2633 1262 2678 absumere
1289 2633 1414 2677 ferro

109 2694 385 2753 Ascanium,
412 2698 668 2761 patriisque
695 2699 991 2761 epulandum
1016 2715 1198 2761 ponere
1224 2697 1430 2744 mensis?

651 2786 696 2824 57
683 2776 722 2811 6
754 2776 941 2813 stimulat.
