1866 3208
250 206 270 245 3
278 193 324 245 58
697 193 740 232 P.
770 192 1006 231 VERGILI
1035 193 1293 232 MARONIS

315 302 495 348 balteus
522 314 568 347 et
593 301 796 346 laterum
822 298 1062 346 iuncturas
1089 299 1231 346 fibula
1257 300 1454 357 mordet,

316 367 554 428 egregium
580 366 730 411 forma
753 364 976 412 iuvenem
1003 379 1050 412 et
1076 366 1365 426 fulgentibus
1391 366 1547 424 armis,

315 432 588 492 transadigit
613 445 777 506 costaS,
805 431 1029 495 fulvaque
1054 432 1254 478 effundit
1277 433 1467 480 harena.

313 513 360 547 at
385 500 562 555 fratres,
589 497 797 544 animosa
821 497 1030 560 phalanx
1055 515 1342 561 accensaque
1369 499 1520 556 luctu,

313 584 414 630 pars
440 536 617 640 gladios
643 564 880 639 stringunt
906 565 1140 622 manibus,
1165 581 1268 628 pars
1294 565 1469 612 missile
1494 565 1667 612 ferrum

314 632 594 694 corripiunt,
619 631 842 694 caecique
867 643 1027 679 ruunt
1097 649 1212 695 quos
1239 631 1423 692 agmina
1447 645 1610 679 contra

313 711 598 762 procurrunt
632 698 957 754 Laurentum;
991 697 1104 744 hinc
1140 698 1271 744 densi
1309 713 1464 744 rursus
1500 698 1738 745 inundant

316 765 467 812 Tro‘e's
492 763 802 827 Agyllinique
829 776 874 809 et
899 763 1038 826 pictis
1063 765 1269 811 Arcades
1295 764 1448 811 armis.
1679 780 1737 811 281

314 831 377 878 sic
404 848 568 876 omnes
594 848 722 877 amor
749 847 867 876 unus
892 831 1035 877 habet
1060 832 1311 878 decernere
1337 829 1478 878 ferro.

314 897 548 960 diripuere
576 914 702 954 aras;
738 897 774 943 it
799 910 898 943 toto
926 897 1110 945 turbida
1136 898 1266 944 caelo

316 976 563 1026 tempestas
591 964 795 1009 telorum
821 980 872 1009 ac
899 962 1076 1010 ferreus
1101 964 1277 1025 ingruit
1302 964 1456 1010 imber
1471 985 1486 1022 3

315 1044 607 1093 craterasque
633 1030 857 1093 focosque
884 1029 1057 1077 ferunt.
1126 1030 1250 1092 fugit
1276 1030 1373 1094 ipse
1398 1030 1597 1078 Latinus

313 1097 519 1161 pulsatos
544 1096 750 1143 referens
776 1096 957 1142 infecto
983 1096 1172 1144 foedere
1197 1097 1344 1144 divos.

315 1164 557 1210 infrenant
583 1163 662 1209 alii
689 1180 864 1220 currus,
894 1177 973 1209 aut
999 1180 1192 1227 corpora
1216 1165 1338 1211 saltu

316 1230 557 1277 subiciunt
582 1230 631 1276 in
659 1247 817 1294 equos,
846 1243 893 1276 et
919 1230 1091 1277 strictis
1118 1230 1304 1277 ensibus
1330 1231 1514 1278 adsunt.

318 1298 564 1359 Messapus
590 1313 744 1356 regem
772 1297 985 1360 regisque
1011 1297 1194 1358 insigne
1220 1310 1477 1357 gerentem,

317 1364 620 1426 Tyrrhenum
646 1364 893 1418 Aulesten‚
922 1363 1085 1410 avidus
1112 1364 1406 1410 confundere
1431 1363 1595 1410 foedus
1681 1387 1743 1418 290

315 1430 503 1476 adverso
529 1443 759 1491 proterret
785 1447 938 1493 equo;
973 1430 1068 1476 ruit
1095 1429 1176 1476 ille
1201 1429 1441 1487 recedens,

316 1510 361 1543 et
388 1497 527 1543 miser
551 1497 778 1571 oppositis
805 1514 829 1542 a
856 1510 985 1558 tergo
1009 1496 1268 1543 involvitur
1293 1496 1378 1543 aris

314 1564 362 1609 in
388 1577 529 1625 caput
554 1564 700 1626 inque
726 1581 927 1610 umeros,
999 1576 1044 1610 at
1069 1563 1276 1610 fervidus
1303 1563 1493 1609 advolat
1516 1564 1647 1610 hasta

317 1630 578 1693 Messapus,
608 1631 799 1693 teloque
825 1643 1038 1676 orantem
1064 1631 1215 1676 multa
1241 1630 1405 1677 trabali

314 1696 512 1759 desuper
535 1697 655 1743 altus
681 1714 804 1759 equo
829 1697 1029 1757 graviter
1051 1697 1178 1754 ferit,
1203 1711 1344 1770 atque
1370 1697 1435 1742 ita
1461 1696 1616 1742 fatur:

284 1768 295 1788 ‘
314 1765 402 1809 hoc
462 1763 604 1809 habet
645 1783 658 1818 ;
728 1765 842 1808 haec
904 1763 1072 1808 melior
1144 1762 1322 1824 magnis
1388 1762 1495 1808 data
1544 1761 1742 1810 victima

454 1829 602 1875 divis)

315 1909 605 1942 concurrunt
631 1895 739 1941 Itali
767 1895 1065 1958 spoliantque
1091 1895 1294 1941 calentia
1319 1895 1545 1942 membra.

315 1962 478 2008 obvius
504 1962 774 2008 ambustum
801 1974 974 2008 torrem
1001 1962 1274 2023 Corynaeus
1301 1962 1356 2007 ab
1383 1979 1458 2007 ara

315 2028 520 2090 corripit,
549 2041 595 2073 et
622 2027 835 2074 venienti
864 2029 1018 2089 Ebyso
1044 2028 1325 2091 plagamque
1350 2027 1519 2074 ferenti

314 2108 515 2157 occupat
542 2112 589 2140 os
618 2094 850 2151 flammis;
887 2094 971 2139 olli
998 2094 1163 2154 ingens
1191 2094 1330 2141 barba
1355 2094 1547 2152 reluxit,
1682 2117 1740 2149 300

315 2161 622 2224 nidoremque
651 2161 865 2207 ambusta
892 2161 1056 2217 dedit;
1093 2178 1231 2223 super
1257 2161 1354 2223 ipse
1379 2174 1566 2208 secutus

314 2228 562 2274 caesariem
589 2229 719 2274 laeva
747 2227 922 2274 turbati
951 2227 1143 2289 corripit
1168 2228 1331 2284 hostis,

313 2294 616 2357 inpressoque
643 2311 766 2354 genu
796 2294 952 2340 nitens
982 2307 1128 2341 terrae
1156 2294 1359 2355 adplicat
1385 2293 1572 2355 ipsum3

313 2360 376 2407 sic
402 2361 553 2420 rigido
581 2362 699 2407 latus
728 2378 838 2406 ense
865 2361 991 2407 ferit.
1065 2360 1323 2406 Podalirius
1348 2360 1531 2414 Alsum,

312 2439 560 2489 pastorem,
585 2426 833 2489 primaque
861 2426 958 2472 acie
982 2443 1066 2488 per
1092 2427 1184 2472 tela
1209 2439 1444 2482 ruentem,

315 2510 422 2540 ense
448 2509 644 2555 sequens
671 2493 800 2539 nudo
827 2492 1206 2554 superinminet3
1241 2492 1322 2538 ille
1349 2491 1498 2538 securi

314 2559 491 2606 adversi
518 2559 726 2605 frontem
753 2559 955 2605 mediam
982 2572 1296 2621 mentumque
1322 2559 1515 2605 reducta

312 2626 484 2682 disicit,
510 2639 556 2672 et
581 2642 736 2688 sparso
760 2626 852 2672 late
878 2625 994 2685 rigat
1020 2642 1145 2671 arma
1170 2642 1353 2672 cruore.

313 2693 396 2738 olli
423 2693 542 2738 dura
569 2692 699 2756 quies
725 2693 884 2739 oculos
911 2705 957 2738 et
982 2692 1156 2738 ferreus
1183 2705 1350 2752 urguet
