<?xml version="1.0" encoding="UTF-8"?>
<!DOCTYPE html PUBLIC "-//W3C//DTD XHTML 1.0 Transitional//EN"
    "http://www.w3.org/TR/xhtml1/DTD/xhtml1-transitional.dtd">
<html xmlns="http://www.w3.org/1999/xhtml" xml:lang="en" lang="en">
 <head>
  <title>
</title>
<meta http-equiv="Content-Type" content="text/html;charset=utf-8" />
  <meta name='ocr-system' content='tesseract 3.04.00' />
  <meta name='ocr-capabilities' content='ocr_page ocr_carea ocr_par ocr_line ocrx_word'/>
</head>
<body>
  <div class='ocr_page' id='page_1' title='image "./operabucolicageo00virguoft_0365.png"; bbox 0 0 1866 3208; ppageno 0'>
   <div class='ocr_carea' id='block_1_1' title="bbox 562 256 1543 307">
    <p class='ocr_par' dir='ltr' id='par_1_1' title="bbox 562 256 1543 307">
     <span class='ocr_line' id='line_1_1' title="bbox 562 256 1543 307; baseline 0.001 -15"><span class='ocrx_word' id='word_1_1' title='bbox 562 256 837 294; x_wconf 78' lang='lat' dir='ltr'>AENEIDos</span> <span class='ocrx_word' id='word_1_2' title='bbox 867 256 970 294; x_wconf 89' lang='lat' dir='ltr'><strong>LIB.</strong></span> <span class='ocrx_word' id='word_1_3' title='bbox 1000 256 1062 293; x_wconf 89' lang='lat' dir='ltr'>XI</span> <span class='ocrx_word' id='word_1_4' title='bbox 1471 269 1543 307; x_wconf 82' lang='lat'>331</span> 
     </span>
    </p>
   </div>
   <div class='ocr_carea' id='block_1_2' title="bbox 69 361 1562 2766">
    <p class='ocr_par' dir='ltr' id='par_1_2' title="bbox 120 361 1551 626">
     <span class='ocr_line' id='line_1_2' title="bbox 120 361 1551 430; baseline -0.003 -17"><span class='ocrx_word' id='word_1_5' title='bbox 120 383 238 430; x_wconf 90' lang='lat' dir='ltr'>quae</span> <span class='ocrx_word' id='word_1_6' title='bbox 259 365 477 420; x_wconf 89' lang='lat' dir='ltr'>referant,</span> <span class='ocrx_word' id='word_1_7' title='bbox 506 361 588 407; x_wconf 89' lang='lat' dir='ltr'>fari</span> <span class='ocrx_word' id='word_1_8' title='bbox 616 361 766 418; x_wconf 91' lang='lat' dir='ltr'>iubet,</span> <span class='ocrx_word' id='word_1_9' title='bbox 795 376 840 408; x_wconf 91' lang='lat' dir='ltr'>et</span> <span class='ocrx_word' id='word_1_10' title='bbox 866 380 1082 425; x_wconf 91' lang='lat' dir='ltr'>responsa</span> <span class='ocrx_word' id='word_1_11' title='bbox 1106 361 1308 424; x_wconf 89' lang='lat' dir='ltr'>reposcit</span> <span class='ocrx_word' id='word_1_12' title='bbox 1490 389 1551 417; x_wconf 84' lang='lat'>240</span> 
     </span>
     <span class='ocr_line' id='line_1_3' title="bbox 120 428 1363 489; baseline -0.004 -10"><span class='ocrx_word' id='word_1_13' title='bbox 120 433 285 479; x_wconf 86' lang='lat' dir='ltr'>ordine</span> <span class='ocrx_word' id='word_1_14' title='bbox 311 443 484 477; x_wconf 89' lang='lat' dir='ltr'>cuncta</span> <span class='ocrx_word' id='word_1_15' title='bbox 510 446 608 475; x_wconf 75' lang='lat' dir='ltr'>suo·</span> <span class='ocrx_word' id='word_1_16' title='bbox 681 441 783 474; x_wconf 92' lang='lat' dir='ltr'>tum</span> <span class='ocrx_word' id='word_1_17' title='bbox 811 429 937 476; x_wconf 90' lang='lat' dir='ltr'>facta</span> <span class='ocrx_word' id='word_1_18' title='bbox 962 429 1149 476; x_wconf 91' lang='lat' dir='ltr'>silentia</span> <span class='ocrx_word' id='word_1_19' title='bbox 1173 428 1363 489; x_wconf 90' lang='lat' dir='ltr'>linguis,</span> 
     </span>
     <span class='ocr_line' id='line_1_4' title="bbox 121 495 1175 557; baseline -0.005 -10"><span class='ocrx_word' id='word_1_20' title='bbox 121 513 167 547; x_wconf 91' lang='lat' dir='ltr'>et</span> <span class='ocrx_word' id='word_1_21' title='bbox 192 497 408 545; x_wconf 88' lang='lat' dir='ltr'>Venulus</span> <span class='ocrx_word' id='word_1_22' title='bbox 435 495 564 542; x_wconf 90' lang='lat' dir='ltr'>dicto</span> <span class='ocrx_word' id='word_1_23' title='bbox 590 511 758 557; x_wconf 89' lang='lat' dir='ltr'>parens</span> <span class='ocrx_word' id='word_1_24' title='bbox 786 495 851 541; x_wconf 91' lang='lat' dir='ltr'>ita</span> <span class='ocrx_word' id='word_1_25' title='bbox 876 496 1013 542; x_wconf 87' lang='lat' dir='ltr'>farier</span> <span class='ocrx_word' id='word_1_26' title='bbox 1037 496 1142 542; x_wconf 88' lang='lat' dir='ltr'>infit</span> <span class='ocrx_word' id='word_1_27' title='bbox 1165 515 1175 542; x_wconf 78' lang='lat'>2</span> 
     </span>
     <span class='ocr_line' id='line_1_5' title="bbox 187 562 1454 626; baseline -0.001 -16"><span class='ocrx_word' id='word_1_28' title='bbox 187 564 432 618; x_wconf 76' lang='lat' dir='ltr'>‘vidimu5‚</span> <span class='ocrx_word' id='word_1_29' title='bbox 460 580 486 608; x_wconf 95' lang='lat' dir='ltr'>o</span> <span class='ocrx_word' id='word_1_30' title='bbox 514 562 657 619; x_wconf 81' lang='lat' dir='ltr'>civeS,</span> <span class='ocrx_word' id='word_1_31' title='bbox 683 562 971 608; x_wconf 84' lang='lat' dir='ltr'>Diomedem</span> <span class='ocrx_word' id='word_1_32' title='bbox 996 563 1266 626; x_wconf 90' lang='lat' dir='ltr'>Argivaque</span> <span class='ocrx_word' id='word_1_33' title='bbox 1292 575 1454 619; x_wconf 86' lang='lat' dir='ltr'>castra,</span> 
     </span>
    </p>

    <p class='ocr_par' dir='ltr' id='par_1_3' title="bbox 118 629 1558 1160">
     <span class='ocr_line' id='line_1_6' title="bbox 121 629 1296 694; baseline -0.003 -15"><span class='ocrx_word' id='word_1_34' title='bbox 121 645 260 694; x_wconf 91' lang='lat' dir='ltr'>atque</span> <span class='ocrx_word' id='word_1_35' title='bbox 285 631 375 676; x_wconf 89' lang='lat' dir='ltr'>iter</span> <span class='ocrx_word' id='word_1_36' title='bbox 401 629 579 676; x_wconf 85' lang='lat' dir='ltr'><strong>emensi</strong></span> <span class='ocrx_word' id='word_1_37' title='bbox 608 646 738 675; x_wconf 89' lang='lat' dir='ltr'>casus</span> <span class='ocrx_word' id='word_1_38' title='bbox 767 629 1085 691; x_wconf 78' lang='lat' dir='ltr'>superavimus</span> <span class='ocrx_word' id='word_1_39' title='bbox 1114 647 1296 687; x_wconf 91' lang='lat' dir='ltr'>omnes,</span> 
     </span>
     <span class='ocr_line' id='line_1_7' title="bbox 120 696 1378 759; baseline -0.001 -15"><span class='ocrx_word' id='word_1_40' title='bbox 120 697 500 759; x_wconf 87' lang='lat' dir='ltr'>contigimusque</span> <span class='ocrx_word' id='word_1_41' title='bbox 526 713 722 742; x_wconf 87' lang='lat' dir='ltr'>manum</span> <span class='ocrx_word' id='word_1_42' title='bbox 750 713 842 758; x_wconf 86' lang='lat' dir='ltr'>qua</span> <span class='ocrx_word' id='word_1_43' title='bbox 868 696 1080 742; x_wconf 83' lang='lat' dir='ltr'>concidit</span> <span class='ocrx_word' id='word_1_44' title='bbox 1106 696 1195 742; x_wconf 90' lang='lat' dir='ltr'>Ilia</span> <span class='ocrx_word' id='word_1_45' title='bbox 1221 697 1378 743; x_wconf 75' lang='lat' dir='ltr'>tellus·</span> 
     </span>
     <span class='ocr_line' id='line_1_8' title="bbox 119 762 1388 825; baseline -0.002 -14"><span class='ocrx_word' id='word_1_46' title='bbox 119 766 200 811; x_wconf 91' lang='lat' dir='ltr'>ille</span> <span class='ocrx_word' id='word_1_47' title='bbox 228 765 392 810; x_wconf 91' lang='lat' dir='ltr'>urbem</span> <span class='ocrx_word' id='word_1_48' title='bbox 417 763 698 825; x_wconf 87' lang='lat' dir='ltr'>Argyripam</span> <span class='ocrx_word' id='word_1_49' title='bbox 726 762 900 824; x_wconf 86' lang='lat' dir='ltr'>patriae</span> <span class='ocrx_word' id='word_1_50' title='bbox 928 763 1211 824; x_wconf 90' lang='lat' dir='ltr'>cognomine</span> <span class='ocrx_word' id='word_1_51' title='bbox 1237 764 1388 825; x_wconf 89' lang='lat' dir='ltr'>gentis</span> 
     </span>
     <span class='ocr_line' id='line_1_9' title="bbox 118 829 1140 891; baseline -0.001 -14"><span class='ocrx_word' id='word_1_52' title='bbox 118 832 272 877; x_wconf 91' lang='lat' dir='ltr'>victor</span> <span class='ocrx_word' id='word_1_53' title='bbox 298 830 506 891; x_wconf 87' lang='lat' dir='ltr'>Gargani</span> <span class='ocrx_word' id='word_1_54' title='bbox 535 830 770 875; x_wconf 91' lang='lat' dir='ltr'>condebat</span> <span class='ocrx_word' id='word_1_55' title='bbox 797 830 983 891; x_wconf 80' lang='lat' dir='ltr'>Iapygis</span> <span class='ocrx_word' id='word_1_56' title='bbox 1009 829 1140 890; x_wconf 89' lang='lat' dir='ltr'>agris.</span> 
     </span>
     <span class='ocr_line' id='line_1_10' title="bbox 118 896 1385 961; baseline 0 -17"><span class='ocrx_word' id='word_1_57' title='bbox 118 911 364 961; x_wconf 86' lang='lat' dir='ltr'>postquam</span> <span class='ocrx_word' id='word_1_58' title='bbox 392 896 661 957; x_wconf 85' lang='lat' dir='ltr'>introgressi</span> <span class='ocrx_word' id='word_1_59' title='bbox 691 910 737 942; x_wconf 90' lang='lat' dir='ltr'>et</span> <span class='ocrx_word' id='word_1_60' title='bbox 764 914 919 943; x_wconf 91' lang='lat' dir='ltr'>coram</span> <span class='ocrx_word' id='word_1_61' title='bbox 946 896 1053 942; x_wconf 91' lang='lat' dir='ltr'>data</span> <span class='ocrx_word' id='word_1_62' title='bbox 1077 897 1213 959; x_wconf 92' lang='lat' dir='ltr'>copia</span> <span class='ocrx_word' id='word_1_63' title='bbox 1239 898 1385 955; x_wconf 90' lang='lat' dir='ltr'>fandi,</span> 
     </span>
     <span class='ocr_line' id='line_1_11' title="bbox 119 963 1486 1027; baseline -0.001 -16"><span class='ocrx_word' id='word_1_64' title='bbox 119 982 316 1011; x_wconf 89' lang='lat' dir='ltr'>munera</span> <span class='ocrx_word' id='word_1_65' title='bbox 341 964 664 1025; x_wconf 87' lang='lat' dir='ltr'>praeferimus,</span> <span class='ocrx_word' id='word_1_66' title='bbox 694 980 871 1009; x_wconf 89' lang='lat' dir='ltr'>nomen</span> <span class='ocrx_word' id='word_1_67' title='bbox 899 963 1198 1027; x_wconf 88' lang='lat' dir='ltr'>patriamque</span> <span class='ocrx_word' id='word_1_68' title='bbox 1225 965 1449 1012; x_wconf 89' lang='lat' dir='ltr'>docemus</span> <span class='ocrx_word' id='word_1_69' title='bbox 1473 985 1486 1020; x_wconf 92' lang='lat'>;</span> 
     </span>
     <span class='ocr_line' id='line_1_12' title="bbox 119 1031 1558 1095; baseline -0.001 -17"><span class='ocrx_word' id='word_1_70' title='bbox 119 1032 200 1095; x_wconf 90' lang='lat' dir='ltr'>qui</span> <span class='ocrx_word' id='word_1_71' title='bbox 228 1031 407 1078; x_wconf 91' lang='lat' dir='ltr'>bellum</span> <span class='ocrx_word' id='word_1_72' title='bbox 433 1031 705 1088; x_wconf 88' lang='lat' dir='ltr'>intulerint,</span> <span class='ocrx_word' id='word_1_73' title='bbox 731 1047 850 1093; x_wconf 90' lang='lat' dir='ltr'>quae</span> <span class='ocrx_word' id='word_1_74' title='bbox 878 1047 1014 1077; x_wconf 89' lang='lat' dir='ltr'>causa</span> <span class='ocrx_word' id='word_1_75' title='bbox 1039 1031 1280 1078; x_wconf 80' lang='lat' dir='ltr'>attraxerit</span> <span class='ocrx_word' id='word_1_76' title='bbox 1305 1033 1474 1093; x_wconf 77' lang='lat' dir='ltr'>Arpos,</span> <span class='ocrx_word' id='word_1_77' title='bbox 1497 1055 1558 1084; x_wconf 84' lang='lat'>250</span> 
     </span>
     <span class='ocr_line' id='line_1_13' title="bbox 119 1097 1218 1160; baseline -0.001 -15"><span class='ocrx_word' id='word_1_78' title='bbox 119 1098 288 1145; x_wconf 89' lang='lat' dir='ltr'>auditis</span> <span class='ocrx_word' id='word_1_79' title='bbox 314 1098 397 1144; x_wconf 91' lang='lat' dir='ltr'>ille</span> <span class='ocrx_word' id='word_1_80' title='bbox 423 1099 537 1144; x_wconf 90' lang='lat' dir='ltr'>haec</span> <span class='ocrx_word' id='word_1_81' title='bbox 564 1097 758 1160; x_wconf 90' lang='lat' dir='ltr'>placido</span> <span class='ocrx_word' id='word_1_82' title='bbox 784 1098 848 1144; x_wconf 89' lang='lat' dir='ltr'>sic</span> <span class='ocrx_word' id='word_1_83' title='bbox 875 1097 1080 1144; x_wconf 88' lang='lat' dir='ltr'>reddidit</span> <span class='ocrx_word' id='word_1_84' title='bbox 1105 1115 1183 1144; x_wconf 84' lang='lat' dir='ltr'>ore</span> <span class='ocrx_word' id='word_1_85' title='bbox 1208 1117 1218 1144; x_wconf 92' lang='lat'>:</span> 
     </span>
    </p>

    <p class='ocr_par' dir='ltr' id='par_1_4' title="bbox 69 1164 1562 2766">
     <span class='ocr_line' id='line_1_14' title="bbox 69 1164 1068 1226; baseline -0.002 -14"><span class='ocrx_word' id='word_1_86' title='bbox 69 1171 98 1192; x_wconf 81' lang='lat'>‘⁴</span> <span class='ocrx_word' id='word_1_87' title='bbox 115 1183 142 1212; x_wconf 94' lang='lat' dir='ltr'>o</span> <span class='ocrx_word' id='word_1_88' title='bbox 168 1166 432 1212; x_wconf 88' lang='lat' dir='ltr'>fortunatae</span> <span class='ocrx_word' id='word_1_89' title='bbox 458 1178 637 1225; x_wconf 80' lang='lat' dir='ltr'>genteS‚</span> <span class='ocrx_word' id='word_1_90' title='bbox 669 1164 889 1212; x_wconf 88' lang='lat' dir='ltr'>Saturnia</span> <span class='ocrx_word' id='word_1_91' title='bbox 913 1182 1068 1226; x_wconf 89' lang='lat' dir='ltr'>regna,</span> 
     </span>
     <span class='ocr_line' id='line_1_15' title="bbox 121 1232 1226 1295; baseline -0.001 -16"><span class='ocrx_word' id='word_1_92' title='bbox 121 1232 302 1295; x_wconf 88' lang='lat' dir='ltr'>antiqui</span> <span class='ocrx_word' id='word_1_93' title='bbox 327 1232 544 1288; x_wconf 86' lang='lat' dir='ltr'>Ausonii,</span> <span class='ocrx_word' id='word_1_94' title='bbox 574 1249 696 1295; x_wconf 89' lang='lat' dir='ltr'>quae</span> <span class='ocrx_word' id='word_1_95' title='bbox 722 1249 803 1278; x_wconf 88' lang='lat' dir='ltr'>vos</span> <span class='ocrx_word' id='word_1_96' title='bbox 830 1232 1019 1277; x_wconf 87' lang='lat' dir='ltr'>fortuna</span> <span class='ocrx_word' id='word_1_97' title='bbox 1043 1232 1226 1294; x_wconf 90' lang='lat' dir='ltr'>quietos</span> 
     </span>
     <span class='ocr_line' id='line_1_16' title="bbox 120 1299 1266 1361; baseline -0.001 -15"><span class='ocrx_word' id='word_1_98' title='bbox 120 1299 358 1356; x_wconf 89' lang='lat' dir='ltr'>sollicitat,</span> <span class='ocrx_word' id='word_1_99' title='bbox 386 1299 644 1361; x_wconf 85' lang='lat' dir='ltr'>suadetque</span> <span class='ocrx_word' id='word_1_100' title='bbox 672 1299 831 1359; x_wconf 89' lang='lat' dir='ltr'>ignota</span> <span class='ocrx_word' id='word_1_101' title='bbox 857 1299 1080 1345; x_wconf 89' lang='lat' dir='ltr'>lacessere</span> <span class='ocrx_word' id='word_1_102' title='bbox 1108 1299 1266 1345; x_wconf 83' lang='lat' dir='ltr'>bella?</span> 
     </span>
     <span class='ocr_line' id='line_1_17' title="bbox 121 1366 1286 1429; baseline 0 -17"><span class='ocrx_word' id='word_1_103' title='bbox 121 1366 413 1429; x_wconf 89' lang='lat' dir='ltr'>quicumque</span> <span class='ocrx_word' id='word_1_104' title='bbox 441 1366 611 1412; x_wconf 87' lang='lat' dir='ltr'>Iliacos</span> <span class='ocrx_word' id='word_1_105' title='bbox 638 1366 759 1412; x_wconf 88' lang='lat' dir='ltr'>ferro</span> <span class='ocrx_word' id='word_1_106' title='bbox 785 1366 1065 1413; x_wconf 85' lang='lat' dir='ltr'>violavimus</span> <span class='ocrx_word' id='word_1_107' title='bbox 1091 1383 1286 1426; x_wconf 87' lang='lat' dir='ltr'>agros——</span> 
     </span>
     <span class='ocr_line' id='line_1_18' title="bbox 122 1432 1428 1496; baseline -0.001 -16"><span class='ocrx_word' id='word_1_108' title='bbox 122 1433 261 1480; x_wconf 90' lang='lat' dir='ltr'>mitto</span> <span class='ocrx_word' id='word_1_109' title='bbox 288 1450 356 1490; x_wconf 88' lang='lat' dir='ltr'>ea,</span> <span class='ocrx_word' id='word_1_110' title='bbox 381 1450 501 1496; x_wconf 90' lang='lat' dir='ltr'>quae</span> <span class='ocrx_word' id='word_1_111' title='bbox 527 1433 672 1479; x_wconf 90' lang='lat' dir='ltr'>muris</span> <span class='ocrx_word' id='word_1_112' title='bbox 700 1433 923 1479; x_wconf 91' lang='lat' dir='ltr'>bellando</span> <span class='ocrx_word' id='word_1_113' title='bbox 949 1435 1173 1480; x_wconf 81' lang='lat' dir='ltr'>exhausta</span> <span class='ocrx_word' id='word_1_114' title='bbox 1199 1433 1284 1479; x_wconf 90' lang='lat' dir='ltr'>sub</span> <span class='ocrx_word' id='word_1_115' title='bbox 1310 1432 1428 1489; x_wconf 91' lang='lat' dir='ltr'>altis,</span> 
     </span>
     <span class='ocr_line' id='line_1_19' title="bbox 122 1499 1458 1563; baseline 0.001 -18"><span class='ocrx_word' id='word_1_116' title='bbox 122 1517 238 1563; x_wconf 86' lang='lat' dir='ltr'>quos</span> <span class='ocrx_word' id='word_1_117' title='bbox 266 1500 434 1546; x_wconf 66' lang='lat' dir='ltr'>Simois</span> <span class='ocrx_word' id='word_1_118' title='bbox 460 1512 642 1562; x_wconf 89' lang='lat' dir='ltr'>premat</span> <span class='ocrx_word' id='word_1_119' title='bbox 668 1500 750 1546; x_wconf 88' lang='lat' dir='ltr'>ille</span> <span class='ocrx_word' id='word_1_120' title='bbox 776 1499 1163 1546; x_wconf 88' lang='lat' dir='ltr'>viros—infanda</span> <span class='ocrx_word' id='word_1_121' title='bbox 1188 1518 1270 1562; x_wconf 89' lang='lat' dir='ltr'>per</span> <span class='ocrx_word' id='word_1_122' title='bbox 1295 1501 1458 1546; x_wconf 90' lang='lat' dir='ltr'>orbem</span> 
     </span>
     <span class='ocr_line' id='line_1_20' title="bbox 123 1566 1429 1629; baseline 0 -16"><span class='ocrx_word' id='word_1_123' title='bbox 123 1567 355 1629; x_wconf 89' lang='lat' dir='ltr'>supplicia</span> <span class='ocrx_word' id='word_1_124' title='bbox 382 1580 426 1613; x_wconf 88' lang='lat' dir='ltr'>et</span> <span class='ocrx_word' id='word_1_125' title='bbox 453 1567 686 1613; x_wconf 88' lang='lat' dir='ltr'>scelerum</span> <span class='ocrx_word' id='word_1_126' title='bbox 713 1583 887 1629; x_wconf 91' lang='lat' dir='ltr'>poenas</span> <span class='ocrx_word' id='word_1_127' title='bbox 913 1566 1224 1629; x_wconf 79' lang='lat' dir='ltr'>expendimus</span> <span class='ocrx_word' id='word_1_128' title='bbox 1251 1584 1429 1624; x_wconf 88' lang='lat' dir='ltr'>omnes,</span> 
     </span>
     <span class='ocr_line' id='line_1_21' title="bbox 122 1634 1498 1691; baseline 0 -11"><span class='ocrx_word' id='word_1_129' title='bbox 122 1635 196 1680; x_wconf 92' lang='lat' dir='ltr'>vel</span> <span class='ocrx_word' id='word_1_130' title='bbox 227 1634 414 1680; x_wconf 91' lang='lat' dir='ltr'>Priamo</span> <span class='ocrx_word' id='word_1_131' title='bbox 441 1634 706 1680; x_wconf 89' lang='lat' dir='ltr'>miseranda</span> <span class='ocrx_word' id='word_1_132' title='bbox 733 1651 899 1680; x_wconf 89' lang='lat' dir='ltr'>manus</span> <span class='ocrx_word' id='word_1_133' title='bbox 923 1655 936 1691; x_wconf 85' lang='lat'>3</span> <span class='ocrx_word' id='word_1_134' title='bbox 973 1634 1061 1680; x_wconf 93' lang='lat' dir='ltr'>scit</span> <span class='ocrx_word' id='word_1_135' title='bbox 1088 1634 1217 1680; x_wconf 88' lang='lat' dir='ltr'>triste</span> <span class='ocrx_word' id='word_1_136' title='bbox 1246 1634 1498 1680; x_wconf 88' lang='lat' dir='ltr'>Minervae</span> 
     </span>
     <span class='ocr_line' id='line_1_22' title="bbox 123 1701 1562 1763; baseline 0 -16"><span class='ocrx_word' id='word_1_137' title='bbox 123 1701 247 1747; x_wconf 89' lang='lat' dir='ltr'>sidus</span> <span class='ocrx_word' id='word_1_138' title='bbox 275 1714 321 1747; x_wconf 87' lang='lat' dir='ltr'>et</span> <span class='ocrx_word' id='word_1_139' title='bbox 348 1701 590 1747; x_wconf 69' lang='lat' dir='ltr'>Euboicae</span> <span class='ocrx_word' id='word_1_140' title='bbox 617 1714 776 1747; x_wconf 89' lang='lat' dir='ltr'>cautes</span> <span class='ocrx_word' id='word_1_141' title='bbox 804 1701 1026 1763; x_wconf 89' lang='lat' dir='ltr'>ultorque</span> <span class='ocrx_word' id='word_1_142' title='bbox 1055 1701 1345 1763; x_wconf 89' lang='lat' dir='ltr'>Caphereus.</span> <span class='ocrx_word' id='word_1_143' title='bbox 1501 1715 1562 1747; x_wconf 85' lang='lat'>260</span> 
     </span>
     <span class='ocr_line' id='line_1_23' title="bbox 123 1767 1152 1814; baseline 0.001 -1"><span class='ocrx_word' id='word_1_144' title='bbox 123 1767 296 1814; x_wconf 88' lang='lat' dir='ltr'>militia</span> <span class='ocrx_word' id='word_1_145' title='bbox 323 1784 380 1813; x_wconf 82' lang='lat' dir='ltr'>ex</span> <span class='ocrx_word' id='word_1_146' title='bbox 406 1767 489 1814; x_wconf 91' lang='lat' dir='ltr'>illa</span> <span class='ocrx_word' id='word_1_147' title='bbox 513 1767 751 1814; x_wconf 88' lang='lat' dir='ltr'>diversum</span> <span class='ocrx_word' id='word_1_148' title='bbox 779 1767 835 1813; x_wconf 92' lang='lat' dir='ltr'>ad</span> <span class='ocrx_word' id='word_1_149' title='bbox 861 1768 973 1814; x_wconf 91' lang='lat' dir='ltr'>litus</span> <span class='ocrx_word' id='word_1_150' title='bbox 1001 1768 1152 1814; x_wconf 90' lang='lat' dir='ltr'>abacti</span> 
     </span>
     <span class='ocr_line' id='line_1_24' title="bbox 121 1834 1287 1898; baseline 0.002 -18"><span class='ocrx_word' id='word_1_151' title='bbox 121 1835 312 1880; x_wconf 86' lang='lat' dir='ltr'>Atrides</span> <span class='ocrx_word' id='word_1_152' title='bbox 340 1834 496 1880; x_wconf 88' lang='lat' dir='ltr'>Protei</span> <span class='ocrx_word' id='word_1_153' title='bbox 527 1835 781 1881; x_wconf 87' lang='lat' dir='ltr'>Menelaus</span> <span class='ocrx_word' id='word_1_154' title='bbox 808 1835 1016 1898; x_wconf 87' lang='lat' dir='ltr'>adusque</span> <span class='ocrx_word' id='word_1_155' title='bbox 1043 1836 1287 1882; x_wconf 91' lang='lat' dir='ltr'>columnas</span> 
     </span>
     <span class='ocr_line' id='line_1_25' title="bbox 124 1902 1239 1965; baseline 0.001 -17"><span class='ocrx_word' id='word_1_156' title='bbox 124 1902 339 1958; x_wconf 81' lang='lat' dir='ltr'>exsulat3</span> <span class='ocrx_word' id='word_1_157' title='bbox 375 1902 613 1948; x_wconf 89' lang='lat' dir='ltr'>Aetnaeos</span> <span class='ocrx_word' id='word_1_158' title='bbox 640 1902 759 1948; x_wconf 89' lang='lat' dir='ltr'>vidit</span> <span class='ocrx_word' id='word_1_159' title='bbox 788 1902 1024 1965; x_wconf 89' lang='lat' dir='ltr'>Cyclopas</span> <span class='ocrx_word' id='word_1_160' title='bbox 1052 1903 1239 1949; x_wconf 84' lang='lat' dir='ltr'>Ulixes.</span> 
     </span>
     <span class='ocr_line' id='line_1_26' title="bbox 123 1969 1349 2033; baseline 0.001 -19"><span class='ocrx_word' id='word_1_161' title='bbox 123 1985 266 2030; x_wconf 87' lang='lat' dir='ltr'>regna</span> <span class='ocrx_word' id='word_1_162' title='bbox 293 1969 604 2031; x_wconf 89' lang='lat' dir='ltr'>Neoptolemi</span> <span class='ocrx_word' id='word_1_163' title='bbox 631 1969 1123 2033; x_wconf 85' lang='lat' dir='ltr'>referam,&#39;versosque</span> <span class='ocrx_word' id='word_1_164' title='bbox 1152 1970 1349 2017; x_wconf 90' lang='lat' dir='ltr'>Penates</span> 
     </span>
     <span class='ocr_line' id='line_1_27' title="bbox 125 2035 1392 2098; baseline 0.002 -17"><span class='ocrx_word' id='word_1_165' title='bbox 125 2035 372 2082; x_wconf 90' lang='lat' dir='ltr'>Idomenei</span> <span class='ocrx_word' id='word_1_166' title='bbox 394 2039 410 2081; x_wconf 83' lang='lat'>?</span> <span class='ocrx_word' id='word_1_167' title='bbox 448 2036 698 2098; x_wconf 85' lang='lat' dir='ltr'>Libycone</span> <span class='ocrx_word' id='word_1_168' title='bbox 724 2036 990 2083; x_wconf 89' lang='lat' dir='ltr'>habitantes</span> <span class='ocrx_word' id='word_1_169' title='bbox 1018 2037 1155 2083; x_wconf 90' lang='lat' dir='ltr'>litore</span> <span class='ocrx_word' id='word_1_170' title='bbox 1181 2038 1355 2083; x_wconf 91' lang='lat' dir='ltr'>Locros</span> <span class='ocrx_word' id='word_1_171' title='bbox 1377 2040 1392 2082; x_wconf 76' lang='grc' dir='ltr'><strong><em>ἓ</em></strong></span> 
     </span>
     <span class='ocr_line' id='line_1_28' title="bbox 124 2102 1312 2164; baseline 0.001 -16"><span class='ocrx_word' id='word_1_172' title='bbox 124 2102 222 2164; x_wconf 91' lang='lat' dir='ltr'>ipse</span> <span class='ocrx_word' id='word_1_173' title='bbox 250 2103 545 2163; x_wconf 87' lang='lat' dir='ltr'>Mycenaeus</span> <span class='ocrx_word' id='word_1_174' title='bbox 573 2120 852 2163; x_wconf 87' lang='lat' dir='ltr'>magnorum</span> <span class='ocrx_word' id='word_1_175' title='bbox 877 2103 1048 2149; x_wconf 92' lang='lat' dir='ltr'>ductor</span> <span class='ocrx_word' id='word_1_176' title='bbox 1071 2103 1312 2150; x_wconf 89' lang='lat' dir='ltr'>Achivum</span> 
     </span>
     <span class='ocr_line' id='line_1_29' title="bbox 125 2169 1298 2231; baseline 0.002 -17"><span class='ocrx_word' id='word_1_177' title='bbox 125 2169 339 2230; x_wconf 88' lang='lat' dir='ltr'>coniugis</span> <span class='ocrx_word' id='word_1_178' title='bbox 366 2169 590 2215; x_wconf 90' lang='lat' dir='ltr'>infandae</span> <span class='ocrx_word' id='word_1_179' title='bbox 615 2170 767 2231; x_wconf 88' lang='lat' dir='ltr'>prima</span> <span class='ocrx_word' id='word_1_180' title='bbox 792 2170 917 2216; x_wconf 86' lang='lat' dir='ltr'>intra</span> <span class='ocrx_word' id='word_1_181' title='bbox 941 2170 1109 2216; x_wconf 89' lang='lat' dir='ltr'>limina</span> <span class='ocrx_word' id='word_1_182' title='bbox 1134 2170 1298 2216; x_wconf 84' lang='lat' dir='ltr'>dextra</span> 
     </span>
     <span class='ocr_line' id='line_1_30' title="bbox 124 2236 1284 2298; baseline 0.003 -17"><span class='ocrx_word' id='word_1_183' title='bbox 124 2236 361 2298; x_wconf 85' lang='lat' dir='ltr'>oppetiit3</span> <span class='ocrx_word' id='word_1_184' title='bbox 397 2236 636 2283; x_wconf 89' lang='lat' dir='ltr'>devictam</span> <span class='ocrx_word' id='word_1_185' title='bbox 661 2236 822 2283; x_wconf 89' lang='lat' dir='ltr'>Asiam</span> <span class='ocrx_word' id='word_1_186' title='bbox 850 2237 1061 2283; x_wconf 90' lang='lat' dir='ltr'>subsedit</span> <span class='ocrx_word' id='word_1_187' title='bbox 1087 2237 1284 2285; x_wconf 83' lang='lat' dir='ltr'>adulter.</span> 
     </span>
     <span class='ocr_line' id='line_1_31' title="bbox 125 2302 1121 2366; baseline 0.002 -18"><span class='ocrx_word' id='word_1_188' title='bbox 125 2302 349 2349; x_wconf 87' lang='lat' dir='ltr'>invidisse</span> <span class='ocrx_word' id='word_1_189' title='bbox 375 2303 504 2359; x_wconf 88' lang='lat' dir='ltr'>deos,</span> <span class='ocrx_word' id='word_1_190' title='bbox 529 2303 691 2366; x_wconf 88' lang='lat' dir='ltr'>patriis</span> <span class='ocrx_word' id='word_1_191' title='bbox 719 2316 771 2350; x_wconf 90' lang='lat' dir='ltr'>ut</span> <span class='ocrx_word' id='word_1_192' title='bbox 798 2304 1009 2350; x_wconf 89' lang='lat' dir='ltr'>redditus</span> <span class='ocrx_word' id='word_1_193' title='bbox 1036 2304 1121 2350; x_wconf 88' lang='lat' dir='ltr'>aris</span> 
     </span>
     <span class='ocr_line' id='line_1_32' title="bbox 127 2369 1540 2434; baseline 0.001 -19"><span class='ocrx_word' id='word_1_194' title='bbox 127 2369 403 2431; x_wconf 91' lang='lat' dir='ltr'>coniugium</span> <span class='ocrx_word' id='word_1_195' title='bbox 430 2384 646 2432; x_wconf 88' lang='lat' dir='ltr'>optatum</span> <span class='ocrx_word' id='word_1_196' title='bbox 674 2383 721 2417; x_wconf 92' lang='lat' dir='ltr'>et</span> <span class='ocrx_word' id='word_1_197' title='bbox 746 2371 998 2433; x_wconf 89' lang='lat' dir='ltr'>pulchram</span> <span class='ocrx_word' id='word_1_198' title='bbox 1026 2371 1274 2434; x_wconf 87' lang='lat' dir='ltr'>Calydona</span> <span class='ocrx_word' id='word_1_199' title='bbox 1297 2371 1507 2418; x_wconf 89' lang='lat' dir='ltr'>viderem</span> <span class='ocrx_word' id='word_1_200' title='bbox 1531 2371 1540 2417; x_wconf 75' lang='grc' dir='ltr'>ῖ</span> 
     </span>
     <span class='ocr_line' id='line_1_33' title="bbox 128 2437 1560 2501; baseline 0 -19"><span class='ocrx_word' id='word_1_201' title='bbox 128 2453 258 2482; x_wconf 92' lang='lat' dir='ltr'>nunc</span> <span class='ocrx_word' id='word_1_202' title='bbox 286 2437 428 2484; x_wconf 90' lang='lat' dir='ltr'>etiam</span> <span class='ocrx_word' id='word_1_203' title='bbox 455 2438 669 2484; x_wconf 93' lang='lat' dir='ltr'>horribili</span> <span class='ocrx_word' id='word_1_204' title='bbox 696 2437 797 2484; x_wconf 91' lang='lat' dir='ltr'>visu</span> <span class='ocrx_word' id='word_1_205' title='bbox 824 2451 1046 2500; x_wconf 90' lang='lat' dir='ltr'>portenta</span> <span class='ocrx_word' id='word_1_206' title='bbox 1072 2452 1355 2501; x_wconf 88' lang='lat' dir='ltr'>sequuntur,</span> <span class='ocrx_word' id='word_1_207' title='bbox 1501 2461 1560 2492; x_wconf 86' lang='lat'>271</span> 
     </span>
     <span class='ocr_line' id='line_1_34' title="bbox 129 2503 1163 2568; baseline 0.004 -20"><span class='ocrx_word' id='word_1_208' title='bbox 129 2514 177 2548; x_wconf 92' lang='lat' dir='ltr'>et</span> <span class='ocrx_word' id='word_1_209' title='bbox 202 2503 315 2549; x_wconf 90' lang='lat' dir='ltr'>socii</span> <span class='ocrx_word' id='word_1_210' title='bbox 340 2504 494 2550; x_wconf 89' lang='lat' dir='ltr'>amissi</span> <span class='ocrx_word' id='word_1_211' title='bbox 518 2505 764 2567; x_wconf 89' lang='lat' dir='ltr'>petierunt</span> <span class='ocrx_word' id='word_1_212' title='bbox 791 2507 977 2552; x_wconf 87' lang='lat' dir='ltr'>aethera</span> <span class='ocrx_word' id='word_1_213' title='bbox 1002 2505 1163 2568; x_wconf 89' lang='lat' dir='ltr'>pinnis</span> 
     </span>
     <span class='ocr_line' id='line_1_35' title="bbox 130 2568 1416 2633; baseline 0.005 -20"><span class='ocrx_word' id='word_1_214' title='bbox 130 2568 501 2633; x_wconf 83' lang='lat' dir='ltr'>fluminibusque</span> <span class='ocrx_word' id='word_1_215' title='bbox 526 2584 755 2632; x_wconf 89' lang='lat' dir='ltr'>vagantur</span> <span class='ocrx_word' id='word_1_216' title='bbox 780 2575 1050 2619; x_wconf 88' lang='lat' dir='ltr'>aves—heu</span> <span class='ocrx_word' id='word_1_217' title='bbox 1077 2573 1177 2619; x_wconf 87' lang='lat' dir='ltr'>dira</span> <span class='ocrx_word' id='word_1_218' title='bbox 1203 2589 1416 2619; x_wconf 87' lang='lat' dir='ltr'>meorum</span> 
     </span>
     <span class='ocr_line' id='line_1_36' title="bbox 131 2635 1490 2700; baseline 0.004 -21"><span class='ocrx_word' id='word_1_219' title='bbox 131 2635 363 2697; x_wconf 90' lang='lat' dir='ltr'>supplicia</span> <span class='ocrx_word' id='word_1_220' title='bbox 386 2636 516 2683; x_wconf 81' lang='lat' dir='ltr'>l—et</span> <span class='ocrx_word' id='word_1_221' title='bbox 541 2639 756 2699; x_wconf 90' lang='lat' dir='ltr'>scopulos</span> <span class='ocrx_word' id='word_1_222' title='bbox 782 2639 1040 2686; x_wconf 86' lang='lat' dir='ltr'>lacrimosis</span> <span class='ocrx_word' id='word_1_223' title='bbox 1065 2640 1259 2686; x_wconf 90' lang='lat' dir='ltr'>vocibus</span> <span class='ocrx_word' id='word_1_224' title='bbox 1285 2639 1490 2700; x_wconf 88' lang='lat' dir='ltr'>inplent.</span> 
     </span>
     <span class='ocr_line' id='line_1_37' title="bbox 131 2701 1315 2766; baseline 0.004 -20"><span class='ocrx_word' id='word_1_225' title='bbox 131 2703 246 2747; x_wconf 91' lang='lat' dir='ltr'>haec</span> <span class='ocrx_word' id='word_1_226' title='bbox 273 2701 389 2747; x_wconf 90' lang='lat' dir='ltr'>adeo</span> <span class='ocrx_word' id='word_1_227' title='bbox 415 2718 473 2748; x_wconf 84' lang='lat' dir='ltr'>ex</span> <span class='ocrx_word' id='word_1_228' title='bbox 498 2703 582 2749; x_wconf 90' lang='lat' dir='ltr'>illo</span> <span class='ocrx_word' id='word_1_229' title='bbox 606 2704 724 2750; x_wconf 88' lang='lat' dir='ltr'>mihi</span> <span class='ocrx_word' id='word_1_230' title='bbox 750 2705 843 2750; x_wconf 89' lang='lat' dir='ltr'>iarn</span> <span class='ocrx_word' id='word_1_231' title='bbox 869 2706 1097 2766; x_wconf 87' lang='lat' dir='ltr'>speranda</span> <span class='ocrx_word' id='word_1_232' title='bbox 1121 2707 1315 2751; x_wconf 89' lang='lat' dir='ltr'>fuerunt</span> 
     </span>
    </p>
   </div>
   <div class='ocr_carea' id='block_1_3' title="bbox 335 2788 1292 2841">
    <p class='ocr_par' dir='ltr' id='par_1_5' title="bbox 335 2788 1292 2841">
     <span class='ocr_line' id='line_1_38' title="bbox 335 2788 1292 2841; baseline 0.005 -15"><span class='ocrx_word' id='word_1_233' title='bbox 335 2788 408 2826; x_wconf 89' lang='lat'>261</span> <span class='ocrx_word' id='word_1_234' title='bbox 441 2789 573 2829; x_wconf 86' lang='lat' dir='ltr'>adacti.</span> <span class='ocrx_word' id='word_1_235' title='bbox 686 2791 760 2828; x_wconf 86' lang='lat'>268</span> <span class='ocrx_word' id='word_1_236' title='bbox 794 2792 938 2828; x_wconf 89' lang='lat' dir='ltr'>devicta</span> <span class='ocrx_word' id='word_1_237' title='bbox 958 2792 1063 2831; x_wconf 83' lang='lat' dir='ltr'>Asia.</span> <span class='ocrx_word' id='word_1_238' title='bbox 1119 2792 1292 2841; x_wconf 85' lang='lat' dir='ltr'>possedit.</span> 
     </span>
    </p>
   </div>
  </div>
 </body>
</html>
