1861 3256
219 234 269 272 62

667 233 710 270 P.
741 230 976 269 VERGILI
1006 231 1266 270 MARONIS

283 353 395 384 cum
419 336 619 397 graviter
642 334 789 381 tunsis
814 335 959 395 gemit
984 353 1085 382 area
1110 335 1333 396 frugibus,
1359 349 1405 382 et
1430 352 1539 382 cum

282 417 550 465 surgentem
576 402 634 448 ad
659 402 937 464 Zephyrum
961 403 1121 464 paleae
1146 403 1377 449 iactantur
1402 402 1578 449 inanes.

281 473 370 517 hoc
398 470 596 526 faciunt,
624 468 772 514 nimio
797 485 858 514 ne
884 469 999 515 luxu
1026 469 1266 515 obtunsior
1292 486 1397 515 usus

282 537 339 583 sit
364 535 556 597 genitali
583 551 692 580 arvo
717 546 764 580 et
789 535 940 581 sulcos
966 536 1163 582 oblimet
1186 536 1372 592 inertes,

281 603 362 649 sed
386 601 531 663 rapiat
555 600 716 647 sitiens
743 601 983 648 Venerem
1010 602 1298 664 interiusque
1323 602 1562 649 recondat.

347 684 505 714 rursus
530 683 640 713 cura
664 681 850 742 patrum
877 669 1045 714 cadere
1072 682 1118 715 et
1144 669 1395 714 succedere
1421 681 1626 715 matrum

280 734 467 796 incipit.
538 734 711 780 exactis
737 734 950 795 gravidae
979 752 1088 781 cum
1114 735 1349 781 mensibus
1376 748 1543 790 errant,

280 818 375 847 non
402 800 503 846 illas
528 801 741 860 gravibus
770 801 1015 864 quisquam
1041 802 1147 862 iuga
1171 802 1342 847 ducere
1366 801 1595 863 plaustris,
1651 828 1711 856 140

278 884 374 913 non
401 867 522 913 saltu
547 884 760 929 superare
788 868 913 914 viam
940 868 997 914 sit
1022 885 1176 930 passus
1203 881 1248 914 et
1273 867 1367 913 acri

278 950 466 995 carpere
492 946 622 994 prata
648 934 757 994 fuga
783 933 1082 997 fluviosque
1071 952 1234 980 innare
1259 951 1459 996 rapaces,

278 1001 470 1046 saltibus
495 1000 545 1045 in
571 1000 727 1045 vacuis
756 1014 958 1061 pascunt
985 1014 1031 1047 et
1055 1001 1197 1063 plena
1223 1001 1485 1048 secundum

277 1066 488 1122 flumina,
516 1083 703 1112 muscus
732 1066 811 1112 ubi
841 1080 887 1113 et
913 1067 1190 1114 viridissima
1215 1068 1425 1128 gramine
1451 1068 1565 1129 ripa,

277 1134 624 1195 speluncaeque
652 1146 813 1193 tegant
841 1147 887 1180 et
915 1151 1048 1180 saxea
1072 1135 1302 1196 procubet
1328 1135 1507 1181 umbra.

278 1213 345 1246 est
371 1200 502 1246 lucos
529 1199 665 1246 Silari
695 1199 819 1245 circa
847 1200 1128 1263 ilicibusque
1153 1201 1385 1247 virentem

276 1266 505 1328 plurimus
531 1267 805 1312 Alburnum
833 1266 1047 1322 volitans,
1076 1267 1152 1312 cui
1178 1284 1352 1313 nomen
1379 1267 1492 1314 asilo

277 1334 547 1379 Romanum
573 1346 657 1389 est,
683 1346 887 1379 oestrum
917 1334 1031 1380 Grai
1056 1347 1233 1380 vertere
1259 1347 1495 1390 vocanteS‚

275 1417 419 1462 asper,
446 1400 613 1446 acerba
639 1417 822 1456 sonans,
851 1417 945 1462 quo
972 1413 1068 1446 tota
1092 1400 1309 1446 exterrita
1336 1400 1461 1446 silvis

275 1467 533 1527 diffugiunt
559 1481 768 1513 armenta
792 1488 806 1523 ;
847 1466 958 1513 furit
984 1466 1238 1526 mugitibus
1264 1468 1424 1513 aether
1651 1491 1710 1520 150

276 1550 528 1580 concussus
556 1533 791 1596 silvaeque
820 1548 866 1580 et
894 1533 1005 1579 sicci
1033 1533 1132 1595 ripa
1157 1533 1383 1593 Tanagri.

273 1602 364 1646 hoc
392 1601 629 1663 quondam
656 1615 864 1646 monstro
893 1600 1140 1646 horribiles
1166 1600 1381 1647 exercuit
1406 1600 1491 1646 iras

276 1667 498 1713 Inachiae
526 1668 648 1712 Iuno
676 1681 856 1728 pestem
886 1667 1109 1713 meditata
1133 1666 1375 1714 iuvencae.

275 1735 402 1780 hunc
430 1750 631 1796 quoque,
662 1751 770 1779 nam
800 1733 967 1779 mediis
994 1733 1253 1780 fervoribus
1279 1733 1426 1780 acrior
1451 1733 1606 1791 instat,

274 1800 450 1846 arcebis
476 1800 665 1860 gravido
692 1800 869 1862 pecori,
901 1813 1204 1862 armentaque
1230 1817 1386 1862 pasces

274 1867 372 1913 sole
397 1883 561 1912 recens
587 1880 688 1913 orto
715 1880 794 1913 aut
822 1880 1012 1913 noctem
1038 1866 1323 1913 ducentibus
1349 1867 1494 1913 astris.

341 1947 444 1995 post
469 1947 653 1995 partum
681 1951 792 1979 cura
818 1934 868 1979 in
897 1933 1067 1979 vitulos
1093 1933 1352 1979 traducitur
1378 1933 1545 1988 omnis,

273 2000 598 2063 continuoque
626 2013 758 2046 notas
787 2013 833 2046 et
863 2000 1055 2046 nomina
1079 2000 1230 2060 gentis
1255 2000 1469 2056 inurunt,

274 2080 321 2113 et
346 2084 459 2130 quos
486 2080 565 2113 aut
591 2067 748 2129 pecori
778 2067 947 2113 malint
973 2066 1249 2113 submittere
1274 2067 1493 2113 habendo

274 2147 353 2179 aut
379 2134 467 2179 aris
494 2151 673 2180 servare
702 2151 848 2180 sacros
876 2147 954 2180 aut
981 2133 1193 2180 scindere
1220 2147 1388 2180 terram
1650 2149 1709 2179 160

275 2213 320 2246 et
346 2217 567 2262 campum
593 2202 867 2247 horrentem
895 2200 1054 2247 fractis
1080 2200 1312 2247 invertere
1337 2200 1526 2261 glaebis.

275 2280 431 2312 cetera
456 2281 712 2328 pascuntur
739 2268 906 2314 virides
934 2280 1142 2314 armenta
1167 2284 1249 2329 per
1272 2267 1455 2313 herbas.

274 2346 325 2379 tu
351 2350 466 2395 quos
493 2335 550 2380 ad
576 2335 786 2381 studium
814 2349 952 2397 atque
981 2351 1115 2380 usum
1143 2333 1362 2379 formabis
1388 2346 1633 2392 agrestem,

274 2399 366 2445 iam
391 2399 564 2445 vitulos
591 2402 776 2446 hortare
804 2401 1023 2462 viamque
1050 2400 1210 2446 insiste
1235 2399 1472 2454 domandi,

274 2465 388 2511 dum
415 2466 577 2512 faciles
607 2467 750 2512 animi
779 2467 1021 2521 iuvenum,
1050 2467 1163 2512 dum
1188 2466 1376 2512 mobilis
1402 2478 1539 2513 aetas.

275 2549 328 2578 ac
355 2532 561 2594 primum
589 2533 712 2579 laxos
742 2533 874 2579 tenui
901 2533 958 2579 de
982 2533 1161 2578 vimine
1189 2533 1358 2578 circlos

275 2598 449 2645 cervici
477 2599 737 2645 subnecte·
725 2619 739 2655 ;
774 2599 968 2674 dehinc,
995 2599 1073 2645 ubi
1101 2599 1248 2645 libera
1273 2599 1395 2645 colla

275 2664 464 2711 servitio
491 2665 782 2721 adsuerint‚
771 2666 881 2727 1psis
908 2683 932 2712 e
959 2666 1203 2728 torquibus
1230 2679 1356 2728 aptos

408 2754 483 2791 144
511 2743 682 2791 gramina
702 2743 813 2792 ripae.
930 2743 999 2792 163
1032 2743 1166 2782 studia.
1283 2743 1354 2779 166
1382 2742 1512 2781 circos.
