1861 3256
597 257 872 296 AENEIDos
903 259 1006 297 ΜΒ.
1036 259 1054 297 1
1509 270 1583 307 107

147 366 280 413 ducit
303 363 654 412 Amazonidum
680 364 850 409 lunatis
877 365 1060 424 agmina
1084 365 1223 428 peltis
1520 390 1584 421 490

150 432 449 479 Penthesilea
472 431 647 487 furenS,
675 431 935 494 mediisque
962 432 1010 478 in
1037 432 1229 479 milibus
1254 432 1398 489 ardet,

149 516 286 546 aurea
311 499 593 545 subnectens
621 510 827 544 exsertae
855 498 1045 559 cingula
1070 516 1320 556 mammae,

148 566 383 623 bellatrix,
409 565 642 627 audetque
669 564 777 610 viris
803 581 1083 612 concurrere
1110 566 1257 627 virgo,

214 635 329 679 haec
356 633 469 679 dum
495 631 736 678 Dardanio
760 632 952 678 Aeneae
980 632 1190 679 miranda
1215 633 1437 680 videntur

147 700 261 746 dum
287 713 441 762 stupet
467 699 731 762 obtutuque
757 699 918 744 haeret
944 699 1159 745 defixus
1149 717 1197 746 1n
1225 717 1334 757 uno,

146 767 304 827 regina
330 767 386 812 ad
411 766 661 828 templum,
687 765 836 811 forma
860 766 1182 828 pulcherrima
1206 767 1350 823 Dido,

146 833 336 880 incessit
361 850 528 893 magna
553 833 781 879 iuvenum
809 832 1010 895 stipante
1036 847 1236 881 caterva.

146 900 330 963 qualis
319 918 368 945 in
397 901 598 946 Eurotae
624 899 734 961 ripis
760 913 839 945 aut
864 916 947 961 per
972 899 1079 961 iuga
1107 900 1288 962 Cynthi

145 980 335 1013 exercet
360 967 515 1013 Diana
541 968 720 1022 choros,
749 983 890 1029 quam
916 967 1048 1012 mille
1075 982 1262 1014 secutae

144 1034 258 1080 hinc
286 1047 424 1097 atque
449 1034 562 1080 hinc
589 1034 914 1094 glomerantur
935 1034 1142 1081 Oreades
1165 1055 1178 1091 3
1211 1035 1293 1081 illa
1317 1035 1583 1097 pharetram

143 1102 234 1147 fert
260 1117 438 1157 umerO,
467 1101 775 1165 gradiensque
802 1101 908 1147 deas
935 1102 1255 1163 supereminet
1281 1118 1443 1148 omnes
1465 1121 1480 1159 3
1523 1126 1582 1156 501

143 1168 352 1215 Latonae
379 1168 576 1215 tacitum
600 1181 923 1231 pertemptant
947 1169 1113 1229 gaudia
1137 1182 1301 1231 pectus
1326 1187 1336 1215 ε

145 1235 248 1282 talis
274 1249 372 1282 erat
397 1235 540 1293 Dido,
569 1236 712 1282 talem
738 1253 784 1282 se
812 1236 932 1282 laeta
958 1236 1136 1282 ferebat
1197 1286 1201 1291 ,

144 1319 226 1365 per
251 1302 444 1359 medios,
472 1303 649 1349 instans
676 1303 804 1365 operi
833 1302 1080 1365 regnisque
1107 1302 1292 1350 futuris.

146 1385 248 1416 tum
274 1370 450 1416 foribus
476 1369 628 1427 divae,
654 1370 809 1416 media
836 1370 1072 1417 testudine
1099 1370 1281 1432 templi,

145 1450 300 1500 saepta
325 1437 478 1492 armis,
505 1437 713 1500 solioque
740 1438 832 1484 alte
859 1437 1059 1483 subnixa
1082 1437 1270 1485 resedit.

146 1504 245 1550 iura
270 1504 409 1550 dabat
434 1504 652 1567 legesque
679 1504 801 1561 viris,
831 1521 1120 1568 operumque
1147 1505 1356 1551 laborem

145 1571 352 1633 partibus
379 1571 605 1634 aequabat
631 1571 760 1618 iustis
789 1585 867 1618 aut
894 1586 1013 1618 sorte
1040 1571 1252 1618 trahebat
1274 1590 1288 1624 ;

146 1655 257 1685 cum
283 1638 436 1684 subito
461 1639 647 1684 Aeneas
674 1655 909 1684 concursu
937 1638 1160 1684 accedere
1186 1654 1357 1698 magno

144 1707 334 1752 Anthea
356 1706 718 1768 Sergestumque
739 1705 867 1751 videt
887 1705 1153 1768 fortemque
1176 1705 1486 1762 Cloanthum,
1523 1728 1587 1759 510

146 1773 540 1835 Teucrorumque
566 1772 693 1827 alim,
721 1785 818 1818 ater
844 1789 958 1836 quos
985 1788 1183 1835 aequore
1210 1772 1349 1819 turbo

145 1840 399 1901 dispulerat
423 1839 708 1902 penitusque
735 1839 843 1885 alias
871 1853 1087 1886 avexerat
1112 1857 1226 1887 oras.

145 1906 371 1968 obstipuit
397 1907 536 1953 simul
563 1906 660 1968 ipse
687 1906 825 1953 simul
854 1923 1099 1969 percussus
1124 1908 1332 1953 Achates

145 1973 415 2036 laetitiaque
441 1987 667 2037 metuque
692 1992 702 2021 z
741 1974 863 2020 avidi
892 1974 1180 2035 coniungere
1205 1974 1390 2021 dextras

145 2041 385 2097 ardebant,
412 2041 493 2088 sed
517 2058 588 2087 res
615 2041 792 2088 animos
820 2041 1062 2102 incognita
1087 2041 1260 2089 turbat.

145 2107 439 2155 dissimulant
464 2121 510 2155 et
535 2108 663 2155 nube
690 2126 801 2155 cava
827 2109 1132 2171 speculantur
1157 2108 1333 2165 amicti,

147 2192 263 2238 quae
290 2175 479 2222 fortuna
504 2175 626 2232 viris,
655 2176 849 2222 classem
877 2193 971 2239 quo
997 2176 1132 2222 litore
1159 2175 1396 2238 linquant,

147 2242 262 2305 quid
285 2242 513 2289 veniant:
551 2243 737 2289 cunctis
764 2260 874 2289 nam
901 2243 1015 2290 lecti
1042 2242 1237 2290 navibus
1264 2242 1397 2289 ibant

148 2323 330 2356 orantes
356 2310 560 2365 veniam,
588 2324 634 2357 et
660 2311 896 2386 templum
923 2311 1128 2357 clamore
1153 2309 1396 2387 pete-bant.

215 2391 461 2452 postquam
487 2377 751 2438 introgressi
780 2391 826 2425 et
853 2395 1009 2425 coram
1036 2377 1141 2424 data
1166 2377 1301 2454 copia
1325 2376 1474 2434 fandi,
1526 2399 1588 2430 φο

151 2443 379 2491 maximus
405 2445 616 2492 Ilioneus
641 2445 829 2507 placido
855 2445 918 2492 sic
946 2458 1138 2507 pectore
1165 2445 1356 2507 coepit:

107 2513 174 2554 ‘o
198 2510 370 2585 regina,
397 2529 568 2559 novam
594 2512 672 2560 cui
699 2512 902 2560 condere
929 2512 1146 2576 Iuppiter
1171 2512 1337 2559 urbem

151 2575 417 2640 iustitiaque
442 2579 573 2627 dedit
597 2593 759 2640 gentes
785 2580 969 2628 frenare
995 2579 1227 2656 superbas,

154 2641 304 2688 Troes
330 2657 375 2690 te
399 2645 572 2703 miseri,
599 2646 753 2693 ventis
778 2647 922 2694 maria
946 2647 1106 2694 omnia
1130 2646 1273 2702 vecti,

154 2724 370 2756 oramus:
407 2713 601 2772 prohibe
627 2713 842 2760 infandos
870 2732 894 2760 a
919 2713 1152 2760 navibus
1140 2730 1285 2774 ignes,

501 2802 545 2842 51
556 2805 575 2841 3
607 2797 809 2843 perculsus.
924 2804 968 2844 51
978 2794 997 2831 8
1031 2794 1172 2831 cuncti.
