1866 3208
344 250 422 276 210
791 241 834 279 P.
863 240 1098 279 VERGILI
1127 242 1383 281 MARONIS

411 347 612 394 discolor
637 347 764 393 unde
788 346 884 392 auri
910 364 994 409 per
1017 365 1166 396 ramos
1190 367 1299 396 aura
1324 350 1521 397 refulsit.

411 414 548 476 quale
574 414 689 459 solet
714 412 840 458 silvis
866 413 1065 461 brumali
1090 416 1259 478 frigore
1283 417 1465 463 viscum

411 480 575 526 fronde
601 478 751 524 virere
778 495 914 536 nova,
939 481 1065 543 quod
1087 499 1183 529 non
1208 501 1288 529 sua
1311 483 1511 530 seminat
1536 485 1681 543 arbos,

411 559 457 592 et
482 561 647 591 croceo
674 545 771 591 fetu
798 558 964 592 teretes
989 548 1278 595 circumdare
1303 562 1522 596 truncos:

411 611 513 657 talis
540 623 638 657 erat
663 611 839 672 species
864 613 961 658 auri
987 614 1244 662 frondentis
1269 632 1413 677 opaca

410 677 534 733 ilice,
563 677 627 723 sic
654 677 750 723 leni
777 679 1031 741 crepitabat
1057 681 1239 728 bractea
1261 694 1418 729 vento.

412 743 605 806 corripit
629 745 813 790 Aeneas
837 747 1076 809 extemplo
1101 749 1352 811 avidusque
1378 748 1594 810 refringit
1773 776 1835 797 210

411 822 733 868 cunctantem,
760 824 807 858 et
831 812 945 858 vatis
970 827 1120 875 portat
1144 815 1228 861 sub
1255 828 1377 861 tecta
1403 815 1624 876 Sibyllae.

479 893 565 923 nec
593 877 748 923 minus
772 877 950 925 interea
978 880 1224 927 Misenum
1249 881 1297 927 in
1324 882 1457 927 litore
1484 881 1662 928 Teucri

410 942 598 998 flebant,
627 956 673 990 et
698 944 844 990 cineri
870 945 1052 1006 ingrato
1077 964 1290 1010 suprema
1314 948 1540 994 ferebant.

410 1009 644 1071 principio
667 1010 893 1072 pinguem
920 1013 1063 1059 taedis
1088 1027 1134 1060 et
1158 1015 1318 1060 robore
1344 1027 1470 1060 secto

411 1076 654 1136 ingentem
681 1089 887 1124 struxere
911 1095 1088 1140 pyram,
1115 1081 1192 1126 cui
1217 1081 1458 1127 frondibus
1485 1081 1593 1127 atris

410 1143 634 1189 intexunt
659 1143 815 1201 latera,
843 1157 889 1190 et
914 1145 1077 1192 ferales
1102 1161 1209 1193 ante
1234 1164 1469 1209 cupressos

411 1209 722 1265 constituunt,
749 1210 1066 1274 decorantque
1092 1230 1229 1275 super
1252 1214 1541 1274 fulgentibus
1566 1214 1720 1260 armis.

410 1293 511 1337 pars
537 1276 710 1322 calidos
736 1277 894 1323 latices
921 1291 967 1324 et
992 1285 1104 1326 ae‘na
1129 1280 1353 1326 undantia
1378 1279 1578 1326 flammis

411 1343 689 1404 expediunt,
715 1360 977 1407 corpusque
1003 1345 1158 1392 lavant
1183 1346 1393 1406 frigentis
1418 1360 1465 1393 et
1491 1359 1723 1406 unguunt.

411 1408 461 1454 fit
486 1410 700 1469 gemitus.
772 1423 874 1457 tum
901 1412 1110 1457 membra
1134 1426 1234 1458 toro
1258 1411 1427 1458 defleta
1452 1426 1704 1474 reponunt,
1772 1437 1835 1458 220

410 1492 757 1539 purpureasque
782 1494 920 1539 super
944 1491 1108 1535 vestes,
1133 1479 1366 1524 velamina
1389 1492 1513 1535 nota,

411 1542 675 1590 coniciunt.
745 1561 845 1605 pars
871 1544 1052 1604 ingenti
1079 1544 1258 1591 subiere
1285 1545 1470 1603 feretro,

410 1608 538 1655 triste
565 1609 897 1667 ministerium,
923 1624 968 1657 et
995 1611 1251 1658 subiectam
1277 1628 1404 1658 more
1428 1625 1681 1674 parentum

409 1675 552 1721 aversi
580 1689 774 1722 tenuere
800 1678 969 1724 facem.
1042 1691 1261 1739 congesta
1284 1691 1552 1724 cremantur

409 1753 540 1788 turea
563 1742 699 1798 dona,
724 1743 878 1805 dapes,
907 1744 1010 1789 fuso
1035 1758 1231 1790 crateres
1253 1744 1393 1791 olivo.

409 1822 655 1870 postquam
681 1809 874 1871 collapsi
903 1810 1085 1856 cineres
1111 1824 1156 1857 et
1180 1810 1367 1856 flamma
1391 1810 1590 1873 quievit,

407 1875 627 1937 reliquias
652 1875 764 1921 vino
790 1889 836 1922 et
861 1876 1073 1922 bibulam
1100 1877 1249 1923 lavere
1275 1877 1497 1933 favillam,

407 1957 596 2003 ossaque
624 1941 745 1987 lecta
770 1942 884 1988 cado
911 1942 1029 1988 texit
1057 1942 1326 2005 Corynaeus
1352 1950 1482 1989 aeno.

408 2006 534 2053 idem
561 2020 629 2053 ter
653 2008 800 2054 socios
826 2026 943 2070 pura
968 2009 1262 2056 circumtulit
1287 2010 1430 2067 unda,

408 2089 623 2135 spargens
648 2091 748 2120 rore
774 2075 866 2121 levi
893 2089 939 2122 et
963 2092 1094 2121 ramo
1119 2075 1268 2122 felicis
1293 2076 1457 2133 olivae,
1773 2101 1835 2131 230

407 2140 713 2203 lustravitque
737 2141 875 2199 viros,
900 2141 1114 2204 dixitque
1140 2142 1387 2189 novissima
1409 2143 1564 2189 verba.

409 2220 454 2253 at
477 2206 581 2268 pius
605 2208 791 2254 Aeneas
817 2208 1001 2269 ingenti
1029 2209 1153 2255 mole
1179 2210 1481 2270 sepulchrum

407 2271 609 2334 inponit,
637 2291 812 2336 suaque
837 2292 963 2321 arma
988 2274 1088 2321 viro
1111 2292 1389 2337 remumque
1415 2275 1687 2336 tubamque,

408 2352 569 2384 monte
596 2341 679 2385 sub
707 2341 846 2398 aerio,
875 2341 955 2403 qui
982 2358 1109 2387 nunc
1139 2341 1357 2387 Misenus
1382 2341 1437 2386 ab
1463 2340 1548 2386 illo

406 2404 596 2461 dicitur,
623 2419 967 2469 aeternumque
992 2420 1122 2453 tenet
1146 2424 1228 2468 per
1253 2407 1438 2453 saecula
1461 2423 1652 2452 nomen.

472 2471 543 2516 his
568 2472 680 2517 actis
708 2489 905 2534 propere
931 2472 1200 2535 exsequitur
1223 2486 1472 2534 praecepta
1498 2472 1717 2533 Sibyllae.

407 2537 630 2598 spelunca
655 2538 746 2583 alta
772 2538 862 2585 fuit
885 2551 1105 2600 vastoque
1131 2538 1332 2584 inmanis
1357 2539 1504 2595 hiatu,

407 2619 613 2665 scrupea,
640 2616 741 2649 tuta
765 2603 870 2650 lacu
897 2603 1032 2664 nigro
1056 2620 1398 2666 nemorumque
1425 2605 1661 2661 tenebris;

406 2685 547 2731 quam
572 2686 708 2732 super
732 2669 859 2716 haud
884 2670 1006 2716 ullae
1031 2682 1249 2732 poterant
1274 2669 1455 2732 inpune
1479 2670 1691 2716 volantes

958 2756 1030 2792 231
1064 2747 1208 2785 domos.
