1866 3208
595 240 870 277 AENEIDOS
901 241 1004 278 LIB.
1034 241 1096 277 XI
1521 256 1596 296 349

166 347 415 395 moenibus
442 347 491 394 in
516 346 690 410 patriis,
719 359 859 410 atque
887 346 1012 393 inter
1038 359 1141 394 tuta
1166 347 1433 404 domorum,

166 414 343 463 confixi
371 415 607 477 exspirant
633 413 826 460 animaS.
895 432 998 476 pars
1026 415 1245 461 claudere
1270 429 1427 477 portas
1450 437 1463 472 ;

166 498 255 528 nec
283 482 419 528 sociis
445 481 623 544 aperire
649 480 790 536 viam,
817 497 903 527 nec
936 481 1188 528 moenibus
1215 482 1396 528 audent

166 548 379 610 accipere
406 561 592 595 orantes
614 567 628 602 3
664 547 909 609 oriturque
940 548 1205 595 miserrima
1232 549 1394 596 caedes

165 614 514 662 defendentum
540 613 675 661 armis
703 613 871 672 aditus,
898 614 1047 677 inque
1074 632 1201 661 arma
1226 630 1468 664 ruentum.

164 681 345 728 exclusi
372 694 480 728 ante
506 682 666 728 oculos
695 681 1127 744 lacrimantumque
1153 699 1230 728 ora
1254 697 1506 745 parentum

162 766 265 812 pars
291 748 341 794 in
366 748 645 812 praecipites
673 748 814 794 fossas
842 761 1077 810 urguente
1102 748 1238 795 ruina

162 815 383 873 volvitur,
409 814 611 861 inmissis
636 831 741 877 pars
768 831 905 861 caeca
933 828 979 861 et
1006 815 1195 862 concita
1220 816 1365 863 frenis

164 882 326 929 arietat
351 883 400 928 in
425 895 581 945 portas
609 895 654 927 et
679 882 820 928 duros
848 882 983 928 obice
1009 896 1181 944 postes.
1537 899 1598 940 890

163 949 286 1011 ipsae
312 949 369 996 de
396 949 539 996 muris
566 965 753 995 summo
780 949 1041 995 certamine
1068 963 1308 996 matres—

162 1028 391 1063 monstrat
415 1032 544 1062 amor
567 1032 704 1062 verus
730 1015 1038 1078 patriae—ut
1063 1016 1223 1063 videre
1252 1016 1524 1075 Camillam,

161 1083 256 1129 tela
283 1100 425 1129 manu
453 1082 664 1144 trepidae
691 1082 890 1140 iaciunt,
920 1100 970 1129 ac
999 1084 1166 1130 robore
1191 1084 1309 1130 duro

160 1149 399 1212 stipitibus
425 1150 601 1197 ferrum
628 1150 918 1213 sudibusque
946 1150 1195 1197 imitantur
1219 1150 1397 1197 obustis

158 1216 454 1279 praecipites,
478 1217 753 1279 primaeque
780 1217 900 1263 mori
928 1234 1013 1279 pro
1040 1217 1290 1264 moenibus
1318 1218 1497 1264 ardent.

225 1283 405 1330 interea
430 1284 657 1330 Turnum
684 1284 734 1329 in
763 1283 891 1330 silvis
925 1284 1217 1331 saevissimus
1244 1284 1398 1346 inplet

157 1350 371 1409 nuntius,
399 1364 446 1397 et
471 1350 634 1397 iuveni
662 1351 908 1413 ingentem
936 1351 1032 1398 fert
1056 1353 1188 1398 Acca
1214 1352 1476 1398 tumultum
1503 1371 1512 1398 ε

157 1418 333 1464 deletas
359 1418 645 1465 Volscorum
675 1418 812 1475 acies,
842 1418 1064 1465 cecidisse
1093 1418 1366 1475 Camillam,

157 1484 372 1545 ingruere
397 1485 608 1532 infensos
636 1487 810 1543 hostes,
841 1498 887 1532 et
916 1486 1076 1532 Marte
1104 1485 1313 1532 secundo

157 1551 317 1598 omnia
343 1551 642 1614 corripuisse,
670 1565 857 1599 metum
886 1552 979 1598 iam
1009 1553 1066 1598 ad
1091 1552 1281 1600 moenia
1308 1552 1430 1600 ferri.
1532 1576 1594 1608 900

157 1618 238 1664 ille
265 1618 544 1665 furens—et
572 1636 704 1666 saeva
734 1619 859 1666 Iovis
887 1619 951 1666 sic
980 1619 1181 1666 numina
1204 1633 1478 1682 poscunt-—

156 1684 329 1732 deserit
355 1685 559 1732 obsessos
587 1687 746 1743 colles,
778 1703 972 1733 nemora
998 1704 1158 1749 aspera
1185 1686 1377 1749 linquit.

154 1752 233 1797 vix
259 1768 284 1799 e
309 1766 571 1815 conspectu
600 1753 776 1800 exierat
806 1770 1128 1817 campumque
1155 1754 1361 1809 tenebat,

156 1835 266 1865 curn
290 1831 424 1881 pater
448 1821 650 1877 Aeneas,
677 1821 819 1866 saltus
848 1820 1081 1882 ingressus
1109 1834 1306 1884 apertos,

157 1898 498 1949 exsuperatque
525 1887 702 1948 iugum,
733 1887 945 1950 silvaque
973 1888 1129 1934 evadit
1155 1905 1315 1950 opaca.

155 1953 221 1999 sic
248 1954 388 1999 ambo
413 1954 472 1999 ad
498 1970 655 2000 muros
682 1954 832 2016 rapidi
861 1968 1060 2018 totoque
1086 1955 1307 2001 feruntur

155 2019 362 2080 agmine,
387 2037 476 2066 nec
503 2021 654 2082 longis
680 2021 806 2067 inter
833 2039 878 2068 se
903 2022 1114 2084 passibus
1142 2023 1314 2068 absunt
1337 2043 1349 2078 3

156 2103 208 2132 ac
235 2086 374 2132 simul
401 2088 586 2133 Aeneas
612 2088 852 2134 fumantes
880 2089 1077 2150 pulvere
1105 2106 1294 2152 campos

154 2153 396 2216 prospexit
423 2153 564 2214 longe
591 2154 945 2217 Laurentiaque
975 2156 1163 2217 agmina
1188 2156 1323 2212 vidit,

157 2232 203 2266 et
231 2236 420 2266 saevum
447 2221 647 2266 Aenean
676 2221 900 2282 adgnovit
928 2222 1164 2269 Turnus
1152 2240 1201 2269 1n
1229 2222 1369 2269 armis
1530 2246 1592 2279 910

155 2286 511 2350 adventumque
538 2287 717 2349 pedum
743 2287 978 2352 flatusque
1005 2290 1186 2336 audivit
1213 2306 1460 2353 equorum.

156 2353 485 2427 continuoque
512 2354 676 2400 ineant
701 2372 882 2416 pugnas
910 2369 957 2402 et
982 2356 1163 2419 proelia
1190 2370 1444 2419 temptent,

156 2419 205 2464 ni
230 2437 388 2467 roseus
415 2421 598 2467 fessos
587 2437 679 2467 1am
705 2422 887 2483 gurgite
916 2423 1136 2470 Phoebus
1164 2424 1347 2470 Hibero

156 2485 339 2546 tinguat
365 2504 509 2550 equos
535 2500 823 2552 noctemque
850 2490 929 2537 die
955 2491 1149 2537 labente
1174 2491 1386 2538 reducat.

157 2551 410 2600 considunt
435 2555 596 2602 castris
623 2568 732 2602 ante
760 2557 928 2604 urbem
957 2570 1004 2604 et
1029 2557 1218 2605 moenia
1242 2557 1440 2605 vallant.

785 2644 804 2681 8
812 2644 831 2681 8
839 2656 860 2682 2
892 2645 1004 2684 intra.
