1866 3208
605 237 879 276 AENEIDOS
909 237 1011 276 LIB.
1039 237 1102 274 IX
1504 234 1580 283 285

154 347 302 395 Nisus
328 346 426 394 abit
447 366 462 403 ;
497 345 688 407 iamque
713 343 976 406 inprudens
1004 357 1210 391 evaserat
1235 345 1392 390 hostes

155 427 297 476 atque
322 414 467 471 locos,
494 412 575 475 qui
600 424 704 473 post
728 412 881 457 Albae
909 412 967 458 de
994 411 1192 458 nomine
1217 410 1335 457 dicti

153 480 348 536 Albani,
377 493 477 527 tum
503 495 585 525 rex
611 478 792 524 stabula
819 479 912 524 alta
939 479 1139 531 Latinus
1165 477 1372 524 habebat
1394 499 1409 535 ;

158 559 211 593 ut
236 546 366 593 stetit
394 561 440 593 et
464 546 633 593 frustra
658 544 903 591 absentem
929 545 1136 608 respexit
1162 545 1385 592 amicum.

125 618 138 638 ‘
157 614 361 675 Euryale
387 613 571 670 infelix,
598 628 690 674 qua
717 624 763 657 te
790 611 983 672 regione
1009 612 1219 674 reliqui?
1523 636 1585 668 390

157 697 308 743 quave
335 697 511 742 sequar,
538 696 692 725 rursus
718 679 1005 740 perplexum
1031 679 1122 725 iter
1148 696 1292 726 omne
1317 679 1567 726 revolvens

156 747 335 793 fallacis
361 747 504 793 silvae
525 750 541 792 ?
562 746 573 766 '
645 744 783 791 simul
814 758 860 791 et
887 745 1081 805 vestigia
1104 761 1230 793 retro

155 814 398 860 observata
424 812 538 874 legit
563 812 817 875 dumisque
843 811 1094 858 silentibus
1121 827 1258 861 errat.

156 880 288 927 audit
314 897 473 943 equos,
499 879 632 926 audit
657 879 880 941 strepitus
908 893 954 925 et
981 878 1110 940 signa
1136 894 1436 943 sequentum.

154 964 243 994 nec
270 948 464 1008 longum
489 947 539 992 in
566 946 726 993 medio
754 960 959 1009 tempus,
988 963 1099 993 cum
1126 947 1303 993 clamor
1329 948 1386 993 ad
1412 964 1545 993 aures

152 1014 370 1077 pervenit
395 1031 446 1061 ac
471 1014 602 1061 videt
628 1014 905 1076 Euryalum,
935 1030 1079 1076 quem
1105 1013 1197 1060 iam
1222 1031 1390 1060 manus
1417 1013 1571 1060 omnis

153 1081 317 1127 fraude
342 1080 435 1127 loci
463 1094 510 1128 et
535 1081 703 1139 noctiS,
731 1080 888 1127 subito
917 1080 1138 1127 turbante
1166 1081 1392 1138 tumultu,

151 1164 424 1210 oppressum
451 1148 574 1211 rapit
602 1161 647 1194 et
673 1161 933 1195 conantem
959 1147 1168 1211 plurima
1194 1148 1380 1194 frustra.

151 1215 266 1278 quid
292 1215 471 1262 faciat?
507 1231 598 1279 qua
623 1214 669 1261 vi
697 1215 938 1273 iuvenem,
968 1214 1139 1278 quibus
1167 1214 1340 1261 audeat
1366 1214 1503 1261 armis

152 1281 369 1344 eripere?
405 1299 464 1328 an
491 1299 591 1329 sese
617 1282 800 1329 medios
827 1282 1086 1328 moriturus
1111 1281 1162 1328 in
1191 1299 1323 1328 enses
1521 1307 1586 1336 400

150 1348 321 1396 inferat
347 1362 394 1395 et
417 1349 667 1412 pulchram
693 1363 918 1412 properet
944 1366 1029 1411 per
1052 1349 1252 1395 vulnera
1278 1353 1518 1396 mortem?

149 1415 280 1462 ocius
305 1416 516 1462 adducto
543 1429 767 1479 torquens
794 1416 969 1463 hastile
996 1416 1190 1473 lacerto,

149 1482 406 1545 suspiciens
433 1484 577 1530 altam
603 1484 808 1541 Lunam,
837 1497 884 1530 et
910 1483 975 1529 sic
1002 1499 1118 1530 voce
1142 1496 1364 1545 precatur
1387 1502 1398 1530 :

119 1556 212 1605 ‘tu,
240 1549 340 1607 dea,
368 1563 418 1596 tu
444 1566 664 1613 praesens
692 1564 855 1596 nostro
884 1567 1106 1597 succurre
1132 1549 1300 1608 labori,

148 1628 380 1663 astrorum
407 1617 550 1664 decus
576 1630 623 1664 et
649 1633 902 1664 nemorum
929 1616 1133 1663 Latonia
1158 1630 1328 1664 custos,

147 1683 182 1728 si
211 1701 301 1746 qua
326 1684 418 1730 tuis
446 1701 671 1747 umquam
697 1702 783 1747 pro
811 1701 888 1730 me
914 1698 1050 1747 pater
1076 1684 1317 1746 Hyrtacus
1343 1683 1430 1730 aris

146 1750 272 1796 dona
298 1751 422 1808 tulit,
449 1751 484 1797 si
512 1768 603 1814 qua
629 1751 728 1813 ipse
756 1751 874 1798 meis
899 1750 1149 1797 venatibus
1177 1750 1285 1797 auxi

146 1817 432 1880 suspendive
457 1818 592 1864 tholo
619 1832 697 1864 aut
725 1835 854 1865 sacra
881 1818 941 1864 ad
967 1817 1150 1879 fastigia
1175 1817 1274 1875 fixi,

143 1885 275 1930 hunc
301 1884 404 1931 sine
430 1902 507 1931 me
534 1885 722 1932 turbare
749 1886 947 1947 globum
975 1899 1022 1932 et
1053 1902 1160 1946 rege
1187 1886 1282 1932 tela
1307 1902 1391 1948 per
1416 1886 1584 1933 auras.’

144 1951 339 2010 dixerat,
366 1965 414 1998 et
439 1965 539 1998 toto
565 1952 763 1999 conixus
792 1970 987 2015 corpore
1013 1953 1190 2000 ferrum
1521 1976 1585 2007 410

146 2017 327 2065 conicit
351 2037 362 2065 :
398 2020 531 2065 hasta
554 2020 720 2066 volans
747 2020 903 2066 noctis
930 2020 1197 2066 diverberat
1224 2019 1408 2066 umbras

147 2098 194 2132 et
218 2085 351 2132 venit
376 2086 522 2133 aversi
547 2086 598 2132 in
626 2099 811 2148 tergum
842 2086 1096 2144 Sulmonis,
1123 2086 1285 2149 ibique

144 2152 392 2213 frangitur,
420 2170 472 2199 ac
498 2153 602 2200 fisso
629 2153 796 2200 transit
822 2153 1099 2216 praecordia
1125 2153 1270 2213 ligno.

144 2219 354 2266 volvitur
377 2219 460 2266 ille
485 2237 680 2267 vomens
709 2220 917 2267 calidum
945 2220 1003 2266 de
1030 2233 1224 2282 pectore
1249 2219 1431 2266 fiumen

145 2286 356 2347 frigidus,
384 2300 430 2333 et
454 2286 604 2348 longis
632 2287 916 2349 singultibus
943 2286 1023 2333 ilia
1047 2287 1220 2350 pulsat.

145 2352 315 2400 diversi
342 2353 753 2418 circumspiciunt.
825 2356 916 2401 hoc
945 2354 1094 2401 acrior
1120 2354 1249 2401 idem

146 2435 257 2466 ecce
283 2420 411 2467 aliud
437 2438 619 2468 summa
645 2422 796 2469 telum
824 2421 1028 2468 librabat
1054 2422 1112 2468 ab
1138 2439 1263 2469 aure.

146 2485 261 2532 dum
287 2487 544 2550 trepidant,
571 2488 627 2535 iit
651 2490 785 2535 hasta
813 2489 950 2550 Tago
975 2506 1060 2552 per
1089 2502 1275 2551 tempus
1303 2502 1556 2550 utrumque

147 2551 364 2610 stridens,
388 2554 682 2619 traiectoque
707 2555 859 2603 haesit
885 2556 1125 2619 tepefacta
1153 2556 1362 2603 cerebro.

148 2618 295 2665 saevit
320 2632 451 2667 atrox
476 2621 688 2669 Volcens
713 2639 804 2670 nec
831 2622 916 2670 teli
942 2622 1179 2686 conspicit
1206 2638 1403 2685 usquam
1518 2645 1584 2674 420

101 2728 172 2767 391
205 2719 408 2758 resolvens.
516 2732 595 2768 400
624 2721 664 2758 in
693 2720 834 2760 hostes.
943 2732 1065 2770 402-3
1096 2735 1219 2758 versus
1236 2720 1389 2770 fortasse
1416 2718 1560 2758 excidit.

312 2783 388 2822 403
419 2774 537 2810 altam
557 2775 601 2810 ad
630 2774 798 2812 Lunam.
1054 2785 1134 2823 412
1165 2773 1322 2812 adversi.
