1866 3208
521 266 799 304 AENEmos
831 266 934 305 ΜΒ.
965 265 1047 303 vn
1485 275 1558 316 245

133 374 364 438 paulatim
391 390 488 420 sese
515 373 643 419 tollit
668 390 811 431 mare,
840 387 887 420 et
912 374 1051 420 altius
1077 373 1226 420 undas

134 442 286 503 erigit,
313 441 424 487 inde
450 440 548 486 imo
574 440 815 500 consurgit
841 441 899 487 ad
924 443 1113 487 aethera
1140 440 1308 487 fundo.
1503 465 1565 495 530

130 509 209 556 hic
236 507 419 554 iuvenis
445 506 646 568 primam
674 519 784 553 ante
811 508 962 554 aciem
989 508 1220 554 stridente
1247 507 1427 568 sagitta,

132 589 355 622 natorum
383 573 589 635 Tyrrhei
616 573 771 620 fuerat
796 574 876 636 qui
904 575 1155 633 maximus,
1181 575 1324 621 Almo

132 641 397 694 sternitur3
433 640 586 686 haesit
613 640 742 686 enim
769 641 853 686 sub
879 654 1069 701 gutture
1094 642 1283 699 vulnus,
1313 655 1359 688 et
1386 641 1507 687 udae

130 708 256 755 vocis
283 708 375 754 iter
401 720 693 770 tenuemque
720 707 917 753 inclusit
945 708 1173 769 sanguine
1199 709 1346 755 vitam
1372 729 1385 764 3

130 792 328 837 corpora
354 775 504 820 multa
530 774 682 820 virum
710 774 850 832 circa,
880 775 1129 837 seniorque
1157 775 1401 833 Galaesus,

129 843 244 888 dum
269 841 375 904 paci
402 841 617 888 medium
644 859 691 887 se
718 842 872 899 offert,
900 842 1181 888 iustissimus
1209 860 1330 888 unus

129 909 210 972 qui
237 909 343 967 fuit,
370 908 690 971 Ausoniisque
717 908 832 955 olim
860 908 1117 955 ditissimus
1145 909 1292 956 arvis:

129 975 344 1039 quinque
370 992 529 1036 greges
555 975 625 1021 illi
651 975 914 1033 balantum,
944 976 1088 1038 quina
1114 976 1335 1022 redibant

130 1056 360 1100 armenta,
387 1055 433 1089 et
460 1056 629 1089 terram
656 1056 854 1089 centum
880 1044 1095 1089 vertebat
1122 1043 1300 1090 aratris.

198 1123 340 1173 atque
367 1127 419 1156 ea
445 1127 530 1172 per
557 1127 747 1172 campos
776 1127 928 1172 aequo
954 1110 1070 1156 dum
1098 1111 1260 1156 Marte
1286 1122 1528 1170 geruntur,

129 1177 344 1240 promissi
371 1177 457 1223 dea
484 1177 610 1223 facta
636 1190 822 1239 potens,
853 1176 934 1222 ubi
962 1177 1189 1237 sanguine
1217 1177 1398 1223 bellum
1506 1201 1563 1229 541

64 1278 70 1282 -
128 1244 288 1291 inbuit
314 1257 361 1290 et
388 1244 566 1306 primae
593 1243 833 1290 commisit
860 1244 1030 1290 funera
1056 1260 1258 1306 pugnae,

127 1311 304 1358 deserit
329 1311 629 1374 Hesperiam,
658 1324 705 1358 et
732 1310 852 1357 caeli
879 1328 1105 1357 conversa
1130 1328 1215 1373 per
1242 1328 1374 1357 auras

129 1379 370 1425 Iunonem
395 1378 567 1425 victrix
595 1378 784 1424 adfatur
809 1395 926 1424 voce
954 1378 1154 1440 superba
1180 1396 1189 1424 :

95 1449 107 1470 ‘
124 1462 200 1503 en,
227 1445 439 1507 perfecta
464 1445 550 1492 tibi
577 1446 705 1492 bello
731 1445 968 1491 discordia
995 1445 1114 1492 tristi
1140 1464 1153 1499 3

127 1512 205 1558 dic
233 1511 284 1558 in
312 1512 569 1559 amicitiam
597 1519 782 1569 coeant,
810 1525 856 1558 et
882 1512 1074 1558 foedera
1100 1511 1317 1572 iungant.

127 1579 521 1642 quandoquidem
545 1579 760 1625 Ausonio
786 1579 985 1641 respersi
1013 1579 1239 1639 sanguine
1267 1579 1498 1634 Teucros,

128 1648 219 1692 hoc
248 1646 392 1692 etiam
417 1646 488 1692 his
516 1646 700 1704 addam,
730 1659 809 1693 tua
837 1646 872 1692 si
899 1645 1019 1692 mihi
1047 1660 1172 1692 certa
1198 1646 1454 1700 voluntas.;

128 1713 351 1759 finitimas
378 1713 428 1759 in
456 1713 578 1759 bella
605 1714 753 1759 feram
778 1713 1047 1759 rumoribus
1075 1713 1229 1769 urbes,

126 1780 484 1843 accendamque
511 1780 692 1826 animos
720 1780 875 1826 insani
905 1779 1077 1826 Martis
1104 1797 1277 1838 amore,
1506 1803 1567 1832 550

127 1847 341 1910 undique
364 1860 415 1893 ut
440 1847 619 1893 auxilio
641 1846 840 1893 veniant
863 1867 876 1904 ;
915 1864 1128 1910 spargam
1150 1865 1276 1893 arma
1300 1863 1386 1910 per
1407 1845 1565 1907 agros!

126 1927 230 1960 tum
257 1928 422 1961 contra
448 1915 573 1960 Iuno
603 1933 612 1960 :
653 1919 665 1938 ⁴
683 1927 918 1961 terrorum
945 1927 992 1961 et
1018 1914 1196 1960 fraudis
1224 1914 1413 1961 abunde
1441 1927 1524 1960 est.

129 1994 253 2028 stant
279 1981 395 2028 belli
422 1998 589 2028 causae
613 2003 626 2038 3
665 1995 905 2044 pugnatur
932 1981 1199 2028 comminus
1225 1981 1380 2028 armis·

128 2065 247 2111 quae
274 2049 368 2094 fors
394 2048 546 2110 prima
572 2048 720 2107 dedit,
750 2049 936 2110 sanguis
965 2066 1112 2095 novus
1137 2048 1297 2095 inbuit
1322 2065 1464 2095 arma.

128 2115 239 2162 talia
266 2115 487 2176 coniugia
516 2129 561 2162 et
588 2116 703 2162 tales
732 2117 980 2162 celebrent
1006 2118 1295 2178 hymenaeos

129 2182 369 2243 egregium
396 2182 599 2228 Veneris
626 2199 772 2243 genus
801 2196 849 2229 et
875 2200 956 2229 rex
984 2183 1084 2245 ipse
1111 2183 1328 2230 Latinus.

127 2262 173 2295 te
200 2266 340 2312 super
366 2249 595 2296 aetherias
623 2266 773 2296 errare
802 2249 1030 2296 licentius
1057 2267 1188 2296 auras

127 2316 256 2362 haud
285 2317 423 2363 Pater
448 2316 531 2364 ille
556 2316 688 2374 velit,
716 2317 889 2363 summi
916 2331 1135 2378 regnator
1161 2316 1377 2379 Olympi.

129 2383 245 2429 cede
270 2383 402 2432 locis.
473 2400 575 2445 ego,
601 2384 636 2430 si
662 2401 754 2447 qua
781 2401 922 2447 super
949 2385 1139 2431 fortuna
1164 2385 1378 2430 laborum
1405 2397 1488 2442 est,

129 2448 227 2510 ipsa
249 2450 438 2512 regam.’
511 2451 630 2498 tales
657 2451 853 2498 dederat
874 2451 1101 2498 Saturnia
1126 2468 1264 2498 voces
1285 2471 1300 2506 ;
1503 2465 1566 2504 560

131 2515 214 2561 illa
239 2530 396 2564 autem
422 2518 601 2565 attollit
627 2518 880 2565 stridentes
908 2519 1139 2580 anguibus
1164 2519 1272 2576 alas,

133 2582 404 2646 Cocytique
429 2585 552 2647 petit
577 2585 752 2644 sedem,
779 2603 946 2648 supera
973 2586 1117 2632 ardua
1144 2585 1384 2648 linquenS.

132 2661 199 2694 est
224 2649 354 2695 locus
381 2651 547 2698 Italiae
573 2652 732 2698 medio
759 2653 844 2699 sub
870 2653 1112 2699 montibus
1138 2652 1261 2710 altis,

132 2715 304 2762 nobilis
331 2728 378 2763 et
403 2717 527 2763 fama
552 2719 713 2765 multis
740 2733 1027 2765 memoratus
1054 2719 1104 2764 in
1131 2719 1237 2776 oris,

386 2803 458 2844 543
491 2807 670 2833 convexa.
785 2806 859 2845 547
890 2798 1038 2845 quando
1059 2796 1243 2845 equidem.
