1866 3208
614 238 890 276 AENEIDOS
921 238 1024 276 LIB.
1054 239 1096 275 V
1532 250 1606 289 203

179 363 291 394 ecce
318 347 432 393 deus
457 360 641 391 ramum
665 344 880 390 Lethaeo
905 362 1006 392 rore
1031 345 1307 393 madentem

179 414 321 477 vique
348 424 617 476 soporatum
646 410 804 472 Stygia
830 428 968 473 super
994 426 1195 476 utraque
1220 426 1407 476 quassat

179 494 407 543 tempora,
435 478 783 541 cunctantique
810 480 1022 526 natantia
1046 480 1229 526 lumina
1255 479 1407 527 solvit.

179 546 260 592 vix
283 546 458 609 primos
484 544 680 607 inopina
705 544 838 608 quies
865 545 1101 593 laxaverat
1127 560 1249 593 artus
1275 566 1284 594 :

180 626 227 660 et
252 630 391 675 super
415 612 698 659 incumbens
725 628 836 658 cum
861 613 1034 675 puppis
1059 627 1190 676 parte
1215 614 1399 662 revulsa

179 696 385 742 cumque
411 678 700 740 gubernaclo
726 678 925 741 liquidas
950 680 1151 742 proiecit
1177 681 1226 727 in
1254 681 1401 728 undas

177 746 506 810 praecipitem,
524 763 577 792 ac
599 745 748 792 socios
769 746 1063 809 nequiquam
1085 764 1220 810 saepe
1240 761 1495 795 vocantem
1514 765 1524 794 z
1551 762 1613 794 860

178 814 277 877 ipse
302 813 466 860 volans
494 826 660 860 tenues
686 829 733 859 se
761 812 951 859 sustulit
977 814 1072 859 ales
1099 814 1157 860 ad
1183 832 1328 862 auras,

179 880 328 928 currit
353 880 444 927 iter
471 894 630 927 tutum
656 897 754 926 non
782 880 925 926 setius
953 897 1156 944 aequore
1184 882 1356 939 classis,

176 947 511 1012 promissisque
536 947 679 1010 patris
707 947 930 1010 Neptuni
957 947 1172 995 interrita
1199 949 1365 996 fertur.

177 1016 367 1078 iamque
394 1015 512 1061 adeo
539 1015 755 1078 scopulos
783 1014 1004 1062 Sirenum
1031 1015 1228 1063 advecta
1252 1016 1454 1074 subibat,

178 1082 392 1129 difficiles
417 1082 675 1145 quondam,
702 1082 1061 1146 multorumque
1087 1083 1264 1130 ossibus
1291 1083 1452 1139 alb0s;

179 1162 282 1196 tum
307 1166 448 1196 rauca
474 1149 672 1196 adsiduo
699 1150 837 1211 longe
864 1151 958 1197 sale
985 1167 1090 1197 saxa
1117 1150 1365 1209 sonabant,

179 1233 290 1264 cum
316 1230 447 1279 pater
473 1216 642 1263 amisso
666 1215 938 1264 fluitantem
964 1234 1115 1264 errare
1141 1217 1364 1279 magistro

179 1283 340 1341 sensit,
368 1296 414 1330 et
440 1283 536 1346 ipse
562 1296 713 1331 ratem
740 1284 988 1331 nocturnis
1013 1284 1137 1331 rexit
1162 1284 1213 1331 in
1241 1285 1397 1344 undis,

179 1351 332 1397 multa
355 1367 564 1412 gemens,
591 1367 798 1414 casuque
824 1351 1039 1398 animum
1066 1369 1320 1399 concussus
1347 1351 1486 1401 amici
1513 1370 1525 1400 :

149 1422 160 1442 ‘
180 1435 207 1464 o
233 1417 439 1464 nimium
466 1418 598 1465 caelo
625 1431 671 1465 et
694 1419 863 1481 pelago
889 1418 1063 1466 confise
1090 1436 1269 1477 sereno,
1553 1434 1618 1475 870

182 1485 340 1532 nudus
364 1485 414 1533 in
440 1484 614 1546 ignota,
644 1485 883 1548 Palinure,
910 1485 1085 1534 iacebis
1110 1486 1289 1534 harena
1310 1486 1319 1534 l
1342 1488 1352 1508 ’
