1866 3208
283 247 360 283 266
730 247 774 285 P.
803 247 1038 286 VERGILI
1069 249 1326 288 MARONIS

349 365 396 398 et
420 352 641 399 matutini
669 353 915 399 volucrum
941 355 1026 400 sub
1053 356 1264 402 culmine
1291 369 1471 404 cantus,

349 419 587 478 consurgit
613 418 784 476 senior,
811 419 1069 484 tunicaque
1096 423 1340 469 inducitur
1365 436 1504 479 artus,

348 498 394 532 et
420 485 670 545 Tyrrhena
694 485 870 546 pedum
898 487 1161 535 circumdat
1185 489 1374 536 vincula
1399 490 1569 552 plantis
1592 511 1605 547 3

346 564 446 597 tum
474 551 605 596 lateri
634 564 776 614 atque
804 553 975 599 umeris
1005 555 1281 615 Tegeaeum
1309 556 1508 617 subligat
1533 573 1708 613 ensem,

344 617 541 663 demissa
568 618 625 663 ab
653 618 785 664 laeva
812 621 1068 680 pantherae
1095 635 1220 682 terga
1246 635 1534 685 retorquenS.
1711 639 1774 678 460

344 700 432 730 nec
460 701 554 730 non
583 697 628 730 et
654 685 832 745 gemini
863 687 1077 734 custodes
1104 688 1269 734 limine
1297 689 1353 734 ab
1379 690 1472 735 alto

344 751 634 812 praecedunt
660 768 965 815 gressumque
994 771 1131 801 canes
1159 755 1445 802 comitantur
1469 755 1649 804 erilem.

341 817 538 879 hospitis
563 818 756 864 Aeneae
785 819 941 865 sedem
971 834 1015 867 et
1041 835 1217 868 secreta
1241 823 1431 884 petebat

343 900 615 930 sermonum
643 901 822 931 memor
850 899 895 932 et
921 888 1131 948 promissi
1158 889 1362 934 muneris
1388 890 1537 936 heros.

342 967 429 996 nec
457 950 612 997 minus
638 952 820 997 Aeneas
850 969 897 998 se
925 955 1185 1001 matutinus
1212 956 1393 1016 agebat.

343 1017 466 1062 filius
490 1018 602 1063 huic
632 1017 795 1073 Pallas,
825 1018 896 1064 illi
924 1036 1078 1066 comes
1105 1021 1202 1067 ibat
1227 1023 1448 1069 Achates.

341 1083 571 1143 congressi
600 1084 805 1144 iungunt
832 1085 1031 1143 dextraS‚
1058 1088 1315 1150 mediisque
1341 1089 1555 1135 residunt

341 1150 547 1207 aedibu3‚
576 1163 621 1197 et
648 1151 782 1197 licito
812 1152 1001 1198 tandem
1028 1169 1238 1200 sermone
1265 1155 1502 1202 fruuntur.

341 1233 423 1262 rex
450 1217 574 1278 prior
599 1219 715 1264 haec
743 1236 753 1265 :

344 1284 548 1329 maxime
571 1285 876 1331 Teucrorum
897 1285 1081 1345 ductor,
1104 1304 1196 1350 quo
1218 1288 1386 1350 sospite
1408 1304 1669 1351 numquam
1712 1313 1775 1342 470

342 1367 411 1396 res
437 1350 658 1413 equidem
686 1351 861 1397 Troiae
889 1352 1033 1398 victas
1060 1368 1138 1400 aut
1162 1370 1304 1414 regna
1330 1355 1529 1411 fatebor,

344 1416 477 1463 nobis
504 1417 560 1463 ad
584 1417 698 1463 belli
726 1418 959 1465 auxilium
986 1437 1069 1481 pro
1094 1420 1287 1466 nomine
1313 1433 1445 1467 tanto

345 1484 539 1544 exiguae
564 1484 682 1530 vires
709 1503 718 1531 :
757 1485 871 1531 hinc
902 1486 1065 1532 Tusco
1091 1487 1357 1533 claudimur
1382 1487 1526 1545 amni,

344 1550 456 1597 hinc
485 1551 693 1597 Rutulus
719 1552 906 1614 premit,
938 1566 983 1599 et
1009 1569 1199 1599 murum
1226 1554 1544 1601 circumsonat
1570 1554 1725 1600 armis.

346 1617 425 1662 sed
451 1617 535 1663 tibi
564 1634 648 1678 ego
675 1618 889 1679 ingentes
918 1620 1116 1681 populos
1141 1621 1459 1683 opulentaque
1484 1621 1638 1681 regnis

345 1683 537 1744 iungere
565 1698 713 1731 castra
739 1703 867 1747 paro,
895 1704 1035 1748 quam
1063 1687 1151 1733 fors
1179 1687 1373 1748 inopina
1399 1687 1598 1733 salutem

345 1763 563 1797 ostentat.
635 1751 741 1797 fatis
766 1753 858 1797 huc
889 1765 933 1799 te
961 1753 1260 1813 poscentibus
1287 1754 1436 1799 affers.

344 1817 469 1862 haud
494 1818 659 1879 procul
687 1817 797 1864 hinc
825 1835 934 1864 saxo
963 1818 1186 1865 incolitur
1212 1820 1405 1866 fundata
1429 1833 1616 1867 vetusto

345 1883 469 1929 urbis
494 1884 748 1945 Agyllinae
775 1884 920 1942 sedes,
949 1885 1028 1931 ubi
1055 1886 1206 1947 Lydia
1230 1887 1469 1948 quondam

343 1966 453 2010 gens
481 1950 607 1996 bello
632 1952 870 2012 praeclara
896 1951 1014 2012 iugis
1041 1952 1214 1998 insedit
1241 1953 1464 2000 Etruscis.
1709 1969 1772 2008 480

343 2018 464 2062 hanc
492 2017 663 2063 multos
690 2017 937 2064 florentem
964 2036 1111 2064 annos
1136 2035 1216 2064 rex
1243 2019 1416 2065 deinde
1443 2020 1642 2082 superbo

332 2083 533 2146 imperio
562 2097 608 2129 et
635 2084 779 2130 saevis
808 2085 963 2131 tenuit
990 2085 1263 2132 Mezentius
1290 2086 1444 2133 armis.

342 2150 456 2212 quid
481 2167 739 2197 memorem
767 2151 981 2197 infandas
1010 2152 1190 2209 caedes,
1216 2152 1331 2215 quid
1356 2153 1478 2200 facta
1504 2153 1691 2214 tyranni

342 2217 519 2263 effera?
588 2217 633 2263 di
662 2218 801 2279 capiti
830 2218 974 2280 ipsius
999 2219 1258 2282 generique
1284 2220 1555 2267 reservent!

341 2297 524 2329 mortua
550 2284 666 2346 quin
695 2284 835 2330 etiam
863 2285 1086 2346 iungebat
1112 2303 1304 2348 corpora
1330 2285 1462 2343 vivis,

342 2366 630 2411 componens
657 2352 970 2414 manibusque
997 2369 1160 2398 manus
1187 2366 1326 2414 atque
1351 2352 1508 2399 oribus
1534 2369 1630 2409 ora,

339 2416 562 2462 tormenti
589 2433 752 2477 genus,
782 2430 827 2463 et
853 2418 981 2464 sanie
1008 2419 1211 2480 taboque
1235 2418 1435 2465 fluentes

339 2483 592 2544 complexu
619 2483 666 2528 in
695 2483 865 2530 misero
892 2484 1029 2544 longa
1056 2485 1119 2531 sic
1146 2498 1298 2532 morte
1324 2486 1539 2533 necabat.

339 2563 383 2596 at
409 2549 513 2595 fessi
542 2550 736 2596 tandem
763 2550 887 2597 cives
914 2550 1108 2597 infanda
1134 2551 1371 2597 furentem

339 2617 502 2663 armati
531 2616 888 2664 circumsistunt
914 2617 1164 2680 ipsumque
1191 2618 1496 2681 domumque,
1702 2643 1764 2674 490

338 2684 623 2730 obtruncant
649 2683 814 2740 sociOS,
840 2683 998 2744 ignem
1025 2684 1082 2730 ad
1107 2684 1285 2746 fastigia
1313 2685 1508 2732 iactant.

635 2765 713 2812 460
744 2763 957 2814 pantherea.
1067 2764 1144 2813 462
1175 2767 1393 2813 procedunt.
