1866 3208
278 237 357 278 304
727 225 770 264 P.
799 223 1035 263 VERGILI
1065 223 1324 262 MARONIS

342 332 456 380 hinc
483 346 670 395 quoque
695 331 974 394 quingentos
999 330 1049 378 in
1074 348 1120 378 se
1147 331 1419 379 Mezentius
1444 345 1605 389 armat,

342 417 456 463 quos
481 412 613 461 patre
640 399 829 444 Benaco
852 398 1030 445 velatus
1054 398 1317 446 harundine
1343 399 1506 459 glauca

344 465 559 512 Mincius
583 464 753 510 infesta
776 464 1013 511 ducebat
1001 482 1051 512 m
1076 482 1275 529 aequora
1299 465 1431 527 pinu.

343 532 380 579 it
404 531 550 593 gravis
574 531 811 588 Aulestes,
836 544 1128 595 centenaque
1154 532 1315 578 arbore
1341 531 1542 579 fluctum

343 599 556 645 verberat
580 597 829 658 adsurgens
850 616 864 652 3
901 612 1119 660 spumant
1142 599 1256 645 vada
1282 615 1508 644 marmore
1533 615 1677 646 verso.

342 667 471 712 hunc
498 665 628 710 vehit
652 663 854 710 inmanis
881 664 1057 711 Triton
1083 678 1129 712 et
1155 665 1338 711 caerula
1364 666 1547 711 concha

344 745 580 778 exterrens
606 731 722 778 freta
743 751 757 786 ;
794 730 871 778 cui
897 731 1094 779 laterum
1120 745 1253 778 tenus
1280 731 1461 794 hispida
1484 732 1614 777 nanti
1713 757 1774 778 210

343 799 470 845 frons
494 798 737 844 hominem
763 799 979 860 praefert,
1003 798 1052 844 in
1077 798 1259 861 pristim
1285 797 1456 844 desinit
1480 799 1610 845 alvus
1633 819 1645 854 3

344 881 534 928 spumea
560 865 775 911 semifero
801 865 883 911 sub
910 879 1103 927 pectore
1128 879 1388 912 murmurat
1413 865 1554 912 unda.

343 944 411 978 tot
436 931 547 978 lecti
573 948 789 993 proceres
815 946 884 978 ter
909 932 1042 978 denis
1068 932 1263 978 navibus
1289 932 1421 978 ibant

343 998 549 1044 subsidio
574 998 766 1055 Troiae,
792 1012 838 1044 et
864 1015 1052 1061 campos
1077 1000 1182 1045 salis
1209 1015 1312 1045 aere
1338 999 1572 1045 secabant.

410 1065 598 1127 iamque
624 1065 720 1111 dies
746 1065 877 1110 caelo
903 1079 1206 1123 concesserat,
1235 1066 1450 1128 almaque
1476 1082 1615 1111 curru

343 1131 590 1192 noctivago
618 1131 806 1177 Phoebe
832 1131 1043 1178 medium
1069 1132 1281 1194 pulsabat
1306 1133 1570 1194 Olympum
1595 1150 1605 1178 ε

342 1200 749 1260 Aeneas—neque
777 1198 905 1244 enim
931 1198 1153 1244 membris
1178 1199 1255 1245 dat
1281 1215 1392 1244 cura
1416 1198 1691 1261 quietem—

342 1265 441 1327 ipse
466 1265 628 1311 sedens
654 1266 935 1328 clavumque
962 1265 1079 1326 regit
1104 1265 1312 1328 velisque
1338 1265 1584 1312 ministrat.

343 1345 479 1395 atque
506 1332 576 1377 illi
603 1332 760 1377 medio
784 1331 834 1378 in
861 1331 1008 1394 spatio
1035 1333 1216 1387 chorus,
1245 1348 1374 1388 ecce,
1400 1348 1586 1378 suarum

342 1398 547 1445 occurrit
573 1398 801 1445 comitum
826 1418 839 1454 ;
876 1398 1146 1459 Nymphae,
1171 1415 1283 1461 quas
1309 1399 1430 1444 alma
1455 1398 1653 1460 Cybebe
1717 1423 1775 1444 220

342 1482 521 1512 numen
546 1465 717 1511 habere
743 1465 879 1511 maris
905 1464 1245 1527 Nymphasque
1272 1481 1296 1511 e
1322 1464 1517 1510 navibus
1540 1481 1635 1511 esse

342 1532 548 1588 iusserat,
575 1532 802 1578 innabant
826 1531 1000 1594 pariter
1026 1531 1292 1594 fluctusque
1318 1532 1553 1588 secabant,

342 1613 458 1662 quot
484 1599 608 1661 prius
634 1613 810 1645 aeratae
837 1612 1060 1645 steterant
1085 1599 1141 1644 ad
1166 1598 1301 1644 litora
1324 1614 1502 1660 prorae.

344 1666 636 1726 adgnoscunt
662 1666 798 1725 longe
824 1682 998 1726 regern,
1024 1666 1316 1728 lustrantque
1342 1665 1538 1711 choreis.

343 1749 538 1796 quarum
565 1749 682 1795 quae
709 1732 835 1778 fandi
862 1732 1127 1778 doctissima
1153 1732 1472 1794 Cymodocea,

341 1816 466 1862 pone
492 1816 687 1862 sequens
713 1799 874 1844 dextra
900 1799 1097 1861 puppim
1124 1812 1271 1856 tenet,
1296 1798 1486 1860 ipsaque
1511 1798 1645 1844 dorso

344 1866 537 1922 eminet,
565 1882 616 1911 ac
644 1866 773 1911 laeva
799 1865 952 1911 tacitis
980 1865 1261 1926 subremigat
1287 1864 1437 1911 undis.

344 1946 446 1979 tum
474 1932 539 1978 sic
566 1932 782 1993 ignarum
807 1931 1074 1994 adloquitur
1099 1950 1109 1977 ε
1149 1931 1418 1992 ‘vigilasne,
1444 1931 1585 1977 deum
1611 1946 1741 1991 gens,

341 2001 540 2045 Aenea?
610 1998 768 2059 vigila,
795 2012 840 2044 et
864 1998 981 2044 velis
1006 1997 1195 2044 inmitte
1220 1997 1458 2044 rudentes.

343 2083 426 2112 nos
452 2082 624 2121 sumus,
652 2065 817 2110 Idaeae
844 2082 971 2110 sacro
996 2064 1054 2110 de
1080 2064 1256 2110 vertice
1282 2064 1438 2126 pinuS,
1717 2089 1778 2119 230

343 2150 472 2179 nunc
501 2132 650 2194 pelagi
679 2131 950 2193 Nymphae,
977 2131 1131 2177 classis
1157 2144 1251 2178 tua.
1320 2131 1524 2193 perfidus
1548 2145 1601 2177 ut
1625 2147 1708 2177 nos

343 2199 620 2262 praecipites
647 2198 769 2244 ferro
796 2199 1001 2244 Rutulus
1026 2197 1307 2260 flammaque
1333 2197 1588 2260 premebat,

344 2266 552 2327 rupimus
579 2265 754 2311 invitae
781 2278 858 2311 tua
883 2265 1089 2321 vincula,
1116 2279 1255 2327 teque
1281 2281 1363 2326 per
1387 2281 1559 2326 aequor

344 2332 623 2395 quaerimus.
695 2333 815 2378 hanc
844 2331 1078 2377 Genetrix
1105 2331 1274 2377 faciem
1299 2330 1511 2376 miserata
1534 2330 1720 2387 refecit,

345 2412 392 2445 et
415 2398 545 2444 dedit
571 2415 666 2443 esse
691 2399 811 2454 deas,
839 2414 1099 2460 aevumque
1125 2397 1294 2458 agitare
1319 2397 1404 2442 sub
1431 2396 1582 2442 undis.

346 2479 390 2512 at
415 2481 531 2527 puer
554 2463 782 2510 Ascanius
808 2480 942 2509 muro
967 2463 1191 2525 fossisque
1216 2476 1403 2509 tenetur

345 2532 438 2578 tela
461 2531 583 2577 inter
607 2530 761 2576 media
786 2543 924 2592 atque
949 2531 1189 2576 horrentes
1217 2530 1374 2576 Marte
1399 2529 1610 2577 Latinos.

346 2599 437 2644 iam
463 2598 565 2644 loca
589 2597 708 2643 iussa
734 2609 864 2642 tenet
891 2595 996 2642 forti
1023 2596 1282 2658 permixtus
1309 2597 1507 2643 Etrusco

344 2666 487 2712 Arcas
513 2681 669 2727 eques.
741 2663 917 2709 medias
942 2662 1036 2709 illis
1062 2680 1303 2725 opponere
1330 2677 1519 2720 turmas,

695 2753 769 2790 223
802 2754 949 2791 puppes.
1072 2752 1147 2790 237
1178 2742 1360 2780 ardentes,
