1866 3208
540 249 815 288 AENEIDOS
845 250 950 290 LIB.
979 251 1042 289 VI
1467 264 1543 302 229

112 347 279 396 obvius
305 360 497 405 armato,
524 363 604 393 seu
632 362 741 392 cum
765 347 910 408 pedes
936 347 1024 394 iret
1048 347 1099 394 in
1123 348 1326 405 hostem,
1481 360 1544 391 880

112 432 194 462 seu
223 414 480 477 spumantis
509 412 616 475 equi
643 412 828 459 foderet
855 414 1114 461 calcaribus
1141 431 1305 460 armos.

109 482 219 536 heu,
246 479 512 527 miserande
533 496 668 554 puer,
696 479 732 525 si
759 496 850 541 qua
877 480 972 526 fata
999 498 1158 543 aspera
1182 480 1394 542 rumpas!

109 560 159 594 tu
190 546 451 593 Marcellus
480 546 582 592 eris.
655 545 876 591 manibus
903 547 1012 593 date
1039 547 1140 593 lilia
1165 547 1320 609 plenis

106 629 362 676 purpureos
389 629 600 674 spargam
627 611 778 669 flore5‚
808 612 1113 676 animamque
1139 613 1324 688 nepotis

106 680 177 726 his
202 679 369 725 saltem
397 678 705 725 adcumulem
733 678 884 736 donis,
914 692 960 725 et
986 680 1189 740 fungar
1178 679 1308 725 mani

105 743 332 792 munere.'
403 745 468 792 sic
497 757 596 791 tota
622 745 797 808 passim
823 746 1015 820 regione
1040 759 1268 807 vagantur

104 813 217 859 ae'ris
242 812 292 858 in
319 812 497 875 campis
526 812 649 870 latis,
681 825 824 875 atque
853 813 1012 858 omnia
1038 812 1256 860 lustrant.

103 896 223 943 quae
248 891 516 954 postquam
526 879 762 925 Anchises
792 892 959 926 natum
984 896 1068 942 per
1093 880 1275 941 singula
1301 880 1454 938 duxit,

103 946 416 1009 incenditque
443 946 657 993 animum
686 946 840 993 famae
868 947 1104 993 venientis
1132 964 1303 1005 amore,

104 1030 178 1059 exi
183 1030 214 1059 n
241 1013 366 1060 bella
390 1013 490 1059 viro
517 1026 765 1072 memorat,
796 1031 917 1077 quae
943 1014 1119 1060 deinde
1143 1015 1362 1075 gerenda,
1479 1028 1542 1068 890

103 1080 459 1144 Laurentesque
486 1081 629 1128 docet
657 1082 860 1145 populos
889 1082 1149 1144 urbemque
1175 1081 1353 1138 Latini,

105 1159 151 1194 et
175 1164 270 1210 quo
295 1165 536 1211 quemque
564 1149 707 1195 modo
736 1149 983 1212 fugiatque
1008 1149 1223 1211 feratque
1249 1148 1475 1193 laborem.

169 1227 279 1275 sunt
302 1215 521 1275 geminae
553 1216 717 1262 Somni
745 1230 925 1280 portae,
953 1233 1150 1280 quarum
1177 1216 1323 1262 altera
1349 1215 1496 1261 fertur

103 1297 288 1339 cornea,
315 1299 407 1344 qua
431 1284 550 1329 veris
581 1283 735 1329 facilis
764 1284 901 1330 datur
928 1284 1080 1330 exitus
1108 1283 1300 1340 umbris,

102 1348 248 1395 altera
273 1349 498 1395 candenti
525 1350 738 1412 perfecta
763 1350 921 1397 nitens
949 1351 1220 1413 elephante,

102 1415 185 1461 sed
210 1415 326 1462 falsa
354 1415 412 1462 ad
440 1417 628 1463 caelum
654 1417 856 1463 mittunt
880 1417 1115 1463 insomnia
1142 1418 1330 1464 Manes.

102 1481 174 1528 his
200 1481 265 1528 ibi
295 1496 397 1529 tum
424 1496 590 1530 natum
616 1483 848 1530 Anchises
875 1501 1062 1547 unaque
1091 1484 1322 1545 Sibyllam

101 1549 402 1612 prosequitur
428 1549 582 1606 dictis,
609 1563 840 1613 portaque
868 1551 1045 1597 emittit
1072 1551 1276 1597 eburna:

102 1616 187 1662 ille
213 1615 340 1662 viam
366 1629 494 1662 secat
519 1616 577 1662 ad
603 1633 760 1674 naves,
786 1617 1030 1679 sociosque
1055 1617 1246 1673 revisit;

104 1695 207 1728 tum
233 1699 281 1728 se
307 1682 364 1728 ad
391 1682 587 1729 Caietae
611 1696 743 1729 recto
768 1683 860 1729 fert
886 1683 1023 1729 litore
1048 1696 1252 1746 portum.
1477 1706 1541 1738 900

104 1765 273 1795 ancora
298 1748 359 1796 de
383 1766 516 1813 prora
539 1748 709 1796 iacitur
724 1770 738 1807 ;
775 1761 901 1797 stant
927 1749 1064 1798 litore
1091 1766 1290 1814 puppes.
