1866 3208
260 235 339 273 280
710 236 753 274 Ρ.
781 235 1014 273 VERGILI
1045 236 1304 275 MARONIS

324 359 414 389 nec
442 343 508 389 fas
532 363 546 400 3
587 359 684 398 non
710 360 720 388 :
758 341 823 387 ita
848 358 924 387 me
949 342 1123 389 referat
1149 343 1234 389 tibi
1261 359 1458 403 magnus
1482 357 1704 391 ovantem

323 409 543 471 Iuppiter
567 408 646 454 aut
671 406 964 471 quicumque
987 409 1138 455 oculis
1163 411 1280 456 haec
1307 409 1473 471 aspicit
1499 410 1674 473 aequis.

323 476 407 522 sed
430 465 466 520 sl
493 474 787 537 quis—quae
812 475 962 521 multa
986 475 1118 522 vides
1144 476 1418 522 discrimine
1445 476 1597 522 tali—
1688 503 1749 523 210

312 542 359 588 ,εἰ
385 540 487 604 quis
514 540 563 586 in
590 540 837 587 adversum
861 541 1012 603 rapiat
1036 560 1224 590 casusve
1250 543 1440 601 deusve,

323 621 370 654 te
396 623 636 669 superesse
660 606 807 653 velim
830 627 845 664 3
882 620 960 654 tua
985 608 1082 656 vita
1109 609 1295 670 dignior
1321 622 1462 657 aetas,

322 674 381 720 sit
406 673 487 736 qui
514 690 591 720 me
615 687 802 736 raptum
829 691 986 737 pugna
1009 676 1222 738 pretiove
1249 676 1553 738 redemptum

321 740 519 786 mandet
543 741 707 798 humo,
735 741 873 786 solita
898 754 979 788 aut
1003 742 1038 788 si
1065 759 1157 805 qua
1183 742 1232 788 id
1260 743 1448 788 fortuna
1474 743 1674 800 vetabit,

321 806 503 853 absenti
529 807 650 853 ferat
675 806 864 853 inferias
890 808 1178 872 decoretque
1203 809 1469 871 sepulchro.

321 890 416 920 neu
442 873 578 919 matri
605 873 800 920 miserae
829 874 946 921 tanti
974 875 1061 921 sim
1087 892 1221 922 causa
1247 875 1434 933 doloris,

321 957 442 1004 quae
469 952 516 987 te
542 939 654 995 sola,
680 957 812 1002 puer,
840 941 1001 987 multis
1029 958 1053 988 e
1079 942 1307 988 matribus
1333 959 1440 988 ausa

320 1006 634 1070 persequitur,
661 1007 818 1067 magni
846 1023 936 1054 nec
962 1008 1150 1054 moenia
1176 1022 1309 1054 curat
1334 1008 1568 1055 Acestae.'

321 1073 401 1119 ille
428 1087 587 1120 autem
615 1078 803 1119 ‘causas
829 1074 1117 1137 nequiquam
1144 1074 1295 1121 nectis
1321 1074 1501 1132 inanes,

322 1157 409 1187 nec
438 1157 542 1186 mea
567 1139 659 1186 iam
685 1152 867 1186 mutata
892 1140 998 1186 loco
1024 1141 1259 1187 sententia
1285 1141 1412 1188 cedit
1437 1160 1447 1188 ε
1687 1166 1750 1188 220

321 1207 642 1253 adceleremus
659 1206 669 1226 '
696 1207 774 1253 ait.
845 1206 1009 1267 vigiles
1035 1207 1173 1253 simul
1202 1208 1376 1254 excitat
1398 1229 1411 1265 3
1448 1208 1519 1254 illi

321 1274 585 1321 succedunt
611 1287 891 1336 servantque
919 1273 1042 1320 vices
1068 1293 1077 1321 :
1115 1274 1315 1321 statione
1341 1275 1508 1320 relicta

321 1340 420 1404 ipse
448 1357 606 1387 comes
634 1340 754 1386 Niso
780 1340 1002 1401 graditur,
1029 1358 1283 1403 regemque
1310 1341 1573 1403 requirunt.

388 1421 545 1454 cetera
570 1425 655 1470 per
680 1420 821 1453 terras
848 1425 1012 1454 omnes
1037 1408 1258 1454 animalia
1285 1425 1450 1454 somno

283 1528 291 1535 η
321 1475 544 1521 laxabant
570 1491 702 1521 curas
731 1487 777 1521 et
803 1474 944 1521 corda
970 1474 1118 1520 oblita
1145 1474 1360 1521 laborum
1385 1494 1397 1530 ;

321 1541 540 1587 ductores
569 1542 818 1588 Teucrum
844 1541 1001 1604 primi,
1028 1541 1216 1588 delecta
1241 1541 1479 1599 iuventus,

321 1608 574 1655 consilium
600 1608 794 1654 summis
821 1608 951 1668 regni
978 1608 1037 1654 de
1063 1609 1198 1654 rebus
1225 1608 1479 1666 habebant,

321 1675 436 1737 quid
460 1675 673 1721 facerent
698 1675 861 1737 quisve
886 1676 1078 1721 Aeneae
1105 1675 1199 1720 iam
1225 1674 1423 1721 nuntius
1449 1688 1581 1723 esset.

321 1754 446 1787 stant
471 1741 622 1801 longis
650 1741 811 1787 adnixi
837 1741 978 1787 hastis
1007 1754 1053 1788 et
1079 1755 1207 1788 scuta
1234 1754 1453 1788 tenentes

321 1820 577 1854 castrorum
605 1821 652 1854 et
677 1807 832 1870 campi
859 1807 1034 1854 medio.
1107 1820 1209 1854 tum
1236 1808 1381 1854 Nisus
1408 1820 1454 1854 et
1480 1825 1573 1853 una
1687 1833 1750 1863 230

322 1874 551 1936 Euryalus
578 1874 830 1920 confestim
857 1874 1032 1920 alacres
1059 1874 1300 1921 admittier
1325 1887 1462 1920 orant
1487 1893 1496 1920 :

321 1958 419 1987 rem
446 1957 679 2002 magnam,
706 1940 1011 2004 pretiumque
1041 1958 1200 1987 morae
1227 1942 1341 1988 fore.
1412 1941 1590 2004 primus
1615 1941 1747 1988 Iulus

321 2007 507 2070 accepit
533 2008 739 2070 trepidos
767 2025 817 2054 ac
845 2008 1019 2054 Nisum
1045 2008 1204 2054 dicere
1230 2007 1378 2055 iussit.

322 2087 424 2121 tum
449 2074 513 2121 sic
542 2074 827 2136 Hyrtacides
851 2092 861 2121 ε
899 2074 1088 2120 ‘audite
1114 2092 1142 2120 o
1166 2074 1406 2120 mentibus
1431 2073 1606 2137 aequis,

319 2141 589 2199 Aeneadae,
617 2158 739 2188 neve
764 2142 883 2187 haec
911 2140 1080 2187 nostris
1106 2154 1386 2203 spectentur
1410 2141 1468 2187 ab
1493 2141 1642 2197 annis,

321 2225 439 2271 quae
467 2208 674 2255 ferimus,
748 2208 914 2254 Rutuli
941 2224 1107 2254 somno
1132 2207 1341 2270 vinoque
1366 2207 1506 2254 soluti

321 2274 598 2321 conticuere
622 2295 635 2331 3
671 2275 833 2321 locum
859 2274 1040 2320 insidiis
1066 2274 1399 2336 conspeximus
1425 2273 1529 2335 ipsi,

320 2340 401 2403 qui
426 2354 558 2402 patet
584 2341 632 2386 in
660 2341 788 2387 bivio
812 2357 992 2402 portae,
1019 2357 1141 2403 quae
1165 2340 1379 2403 proxima
1404 2353 1554 2402 ponto
1577 2360 1590 2396 3

322 2407 576 2469 interrupti
602 2407 747 2467 ignes,
775 2421 970 2469 aterque
996 2407 1054 2453 ad
1079 2407 1230 2452 sidera
1255 2407 1411 2452 fumus

323 2473 551 2534 erigitur3
587 2473 623 2518 si
650 2474 842 2519 fortuna
865 2472 1138 2535 permittitis
1165 2472 1248 2530 uti,
1685 2497 1747 2528 240

321 2539 584 2603 quaesitum
609 2540 809 2586 Aenean
835 2552 883 2585 et
907 2539 1096 2585 moenia
1125 2539 1382 2594 Pallantea,

280 2650 282 2653 .
322 2623 434 2653 mox
457 2605 536 2652 hic
563 2622 674 2652 c-um
699 2605 858 2668 spoliis
885 2605 1068 2666 ingenti
1093 2606 1240 2652 caede
1264 2618 1456 2668 peracta

321 2673 482 2719 adfore
508 2672 726 2719 cernetis.
799 2689 887 2718 nec
915 2689 999 2718 nos
1023 2672 1096 2718 via
1123 2672 1246 2718 fallit
1273 2686 1437 2718 euntes
1462 2690 1472 2720 :

321 2739 524 2786 vidimus
549 2738 759 2786 obscuris
784 2738 985 2802 primam
1011 2739 1094 2786 sub
1119 2739 1322 2785 vallibus
1349 2739 1513 2786 urbem
