1861 3256
471 922 676 971 LIBER
714 922 1090 970 SECUNDUS

90 1087 407 1134 CONrrcuERE
431 1103 611 1143 omnes,
638 1086 908 1150 intentique
934 1104 1014 1133 ora
1039 1085 1278 1133 tenebant.

88 1155 199 1201 inde
226 1167 329 1201 toro
355 1167 486 1216 pater
511 1154 697 1200 Aeneas
723 1154 787 1200 sic
815 1171 944 1200 orsus
971 1153 1026 1200 ab
1053 1154 1145 1200 alto
1170 1172 1179 1200 :

55 1228 69 1248 ‘
89 1221 356 1279 infandum,
382 1221 560 1283 regina,
586 1221 718 1268 iubes
743 1238 968 1268 renovare
994 1221 1221 1278 dolorem,

90 1289 322 1336 Troianas
347 1303 400 1335 ut
425 1306 536 1350 opes
562 1304 608 1335 et
634 1289 936 1335 lamentabile
964 1288 1164 1349 regnum

90 1356 301 1403 eruerint
327 1356 498 1413 Danai,
524 1373 736 1419 quaeque
763 1356 859 1419 ipse
886 1355 1150 1402 miserrima
1174 1354 1288 1411 vidi,

91 1438 136 1470 et
162 1440 365 1487 quorum
390 1440 494 1485 pars
520 1440 690 1484 magna
715 1423 798 1470 fui.
873 1423 976 1486 quis
1002 1422 1112 1469 talia
1137 1422 1278 1468 fando

93 1490 459 1552 Myrmidonum
486 1490 793 1552 Dolopumve
821 1503 900 1536 aut
925 1490 1041 1541 duri,
1058 1489 1194 1536 miles
1220 1487 1360 1535 Ulixi

91 1571 324 1619 temperet
350 1575 374 1603 a
399 1557 604 1603 lacrimis
628 1561 644 1603 ?
681 1571 727 1604 et
754 1558 846 1603 iam
874 1574 967 1603 nox
997 1557 1156 1603 umida
1182 1557 1312 1602 caelo

89 1624 383 1687 praecipitat,
410 1624 700 1687 suadentque
729 1624 945 1671 cadentia
971 1624 1118 1670 sidera
1144 1639 1344 1670 somnos·

90 1692 169 1738 sed
194 1690 228 1737 si
256 1704 412 1737 tantus
439 1708 566 1737 amor
594 1708 724 1738 casus
753 1707 1039 1753 cognoscere
1065 1704 1265 1747 nostros,
1495 1714 1533 1734 10

89 1772 136 1805 et
162 1757 365 1804 breviter
391 1758 565 1804 Troiae
594 1775 869 1820 supremum
896 1757 1056 1805 audire
1083 1757 1308 1814 laborem,

89 1841 374 1889 quamquam
396 1825 577 1871 animus
604 1825 876 1872 meminisse
903 1826 1061 1872 horret
1087 1826 1317 1888 luctuque
1343 1823 1532 1886 refugit,

87 1908 330 1954 inciplam.

392 1959 527 2006 fracti
555 1959 681 2007 bello
710 1960 910 2023 fatisque
936 1959 1111 2022 repulsi

88 2027 308 2074 ductores
333 2027 572 2085 Danaum,
600 2041 670 2074 tot
700 2028 794 2074 iam
821 2027 1088 2074 labentibus
1113 2027 1263 2083 annis,

89 2095 230 2142 instar
256 2095 428 2142 montis
456 2112 632 2159 equum
664 2095 824 2142 divina
851 2095 1051 2141 Palladis
1076 2108 1172 2140 arte

89 2162 354 2220 aedificant,
380 2176 599 2227 sectaque
629 2162 856 2209 intexunt
882 2162 1033 2208 abiete
1061 2175 1208 2208 costas
1236 2179 1246 2207 :

89 2243 253 2276 votum
278 2248 364 2292 pro
389 2230 542 2277 reditu
572 2230 798 2277 simulant
827 2250 840 2286 ;
878 2247 928 2276 ea
955 2230 1078 2275 fama
1101 2242 1308 2290 vagatur.

89 2297 184 2343 huc
210 2297 392 2345 delecta
417 2299 571 2345 virum
599 2297 748 2344 sortiti
779 2314 974 2360 corpora
1000 2296 1164 2342 furtim

90 2362 343 2412 includunt
368 2382 510 2412 caeco
536 2365 685 2423 lateri,
716 2364 1002 2428 penitusque
1030 2379 1247 2410 cavernas

92 2428 305 2490 ingentes
329 2445 612 2497 uterumque
642 2447 818 2480 armato
848 2431 999 2478 milite
1027 2431 1288 2493 complent.
1497 2455 1535 2474 20

161 2510 228 2542 est
251 2496 301 2543 in
327 2515 582 2562 conspectu
612 2500 856 2558 Tenedos,
887 2499 1129 2547 notissima
1155 2498 1277 2543 fama

92 2562 261 2619 insula,
286 2563 413 2611 dives
437 2583 598 2628 opum,
627 2568 799 2614 Priami
828 2567 944 2614 dum
972 2583 1116 2628 regna
1141 2564 1413 2620 manebant,

92 2645 223 2675 nunc
250 2643 434 2678 tantum
459 2633 583 2681 sinus
609 2649 656 2682 et
681 2635 818 2682 statio
846 2635 968 2681 male
997 2634 1088 2680 fida
1114 2632 1281 2679 carinis
1307 2649 1317 2677 ;

92 2697 186 2742 huc
214 2713 260 2742 se
286 2700 496 2758 provecti
522 2701 702 2748 deserto
729 2702 778 2747 in
807 2702 943 2748 litore
972 2701 1203 2748 condunt.

93 2780 177 2809 nos
202 2763 365 2811 abiisse
390 2765 475 2812 rati
501 2780 546 2813 et
571 2782 715 2814 vento
742 2769 927 2830 petiisse
957 2768 1207 2829 MycenaS.
