1866 3208
289 233 363 283 376
477 232 521 271 P.
551 231 787 269 VERGILI
818 231 1077 268 MARONIS
1107 231 1383 268 AENEIDOS
1413 231 1516 269 LIB.
1547 231 1630 269 XII

352 351 591 387 tormento
616 337 680 383 sic
706 353 812 382 saxa
836 337 1060 394 fremunt,
1088 353 1175 383 nec
1203 337 1404 382 fulmine
1430 337 1548 383 tanti

350 406 600 452 dissultant
625 403 848 466 crepitus.
917 403 1044 449 volat
1068 404 1153 450 atri
1182 403 1382 450 turbinis
1408 403 1551 450 instar

351 472 553 519 exitium
578 471 737 516 dirum
763 471 892 516 hasta
918 470 1073 516 ferens
1096 487 1290 533 orasque
1317 470 1521 517 recludit

351 538 525 585 loricae
553 551 600 584 et
625 536 767 599 clipei
796 550 1030 582 extremos
1057 536 1377 599 septemplicis
1403 537 1552 584 orbes.

349 622 434 667 per
458 604 671 650 medium
696 603 895 649 stridens
921 603 1085 650 transit
1110 604 1277 650 femur.
1347 603 1519 650 incidit
1533 603 1666 651 ictus

350 672 517 732 ingens
541 670 601 716 ad
626 683 797 716 terram
822 669 1064 731 duplicato
1087 670 1270 732 poplite
1297 669 1509 717 Turnus.

351 750 642 798 consurgunt
666 737 844 797 gemitu
874 736 1062 793 Rutuli,
1087 750 1306 799 totusque
1334 736 1538 797 remugit

351 822 487 850 mons
512 805 708 862 circum,
736 817 782 849 et
807 820 973 849 vocem
999 803 1092 850 late
1119 820 1310 850 nemora
1335 803 1427 850 alta
1452 804 1718 852 remittunt.

352 871 433 917 ille
459 871 664 917 humiles
685 870 883 932 supplex
905 870 1066 916 oculos
1092 870 1402 932 dextramque
1422 884 1698 932 precantem
1716 895 1779 926 930

350 938 653 1000 protendens,
682 937 934 999 ‘equidem
960 937 1129 994 merui,
1154 954 1241 984 nec
1273 936 1528 999 deprecor‚’
1553 937 1711 999 inquit
1732 956 1746 990 3

319 1013 332 1032 ⁶
352 1018 484 1051 utere
510 1018 631 1050 sorte
658 1017 752 1050 tua.
824 1003 980 1049 miseri
1008 1017 1053 1050 te
1080 1004 1113 1049 si
1141 1021 1230 1066 qua
1254 1003 1462 1066 parentis

352 1085 540 1131 tangere
567 1088 676 1117 cura
701 1083 871 1132 potest,
900 1070 1158 1128 0r0‚—fuit
1184 1083 1230 1116 et
1258 1070 1343 1116 tibi
1371 1070 1473 1116 talis

349 1138 582 1184 Anchises
608 1137 1024 1198 genitor—Dauni
1051 1137 1269 1184 miserere
1297 1151 1527 1193 senectae,

351 1218 397 1251 et
423 1222 514 1262 me,
542 1221 621 1251 seu
648 1221 817 1266 corpus
843 1203 1095 1266 spoliatum
1120 1204 1302 1250 lumine
1329 1203 1490 1260 mavis,

351 1272 493 1318 redde
521 1271 651 1318 meis.
722 1271 891 1329 vicisti,
919 1284 966 1317 et
990 1271 1172 1317 victum
1199 1271 1393 1317 tendere
1420 1271 1595 1332 palmas

350 1338 551 1385 Ausonii
578 1338 739 1384 videre
762 1358 777 1392 ;
815 1351 892 1385 tua
919 1351 986 1384 est
1012 1337 1209 1383 Lavinia
1235 1337 1447 1383 coniunx
1473 1355 1482 1382 :

353 1406 549 1451 ulterius
576 1422 637 1451 ne
665 1405 807 1451 tende
833 1404 979 1451 odiis?
1050 1405 1180 1450 stetit
1204 1421 1310 1450 acer
1335 1404 1384 1449 in
1411 1403 1549 1449 armis

350 1473 555 1529 Aeneas,
580 1473 772 1518 volvens
798 1472 977 1528 oculos,
1003 1472 1311 1534 dextramque
1337 1470 1553 1532 repressit
1575 1490 1589 1524 3

352 1553 399 1586 et
424 1539 517 1585 iam
544 1540 732 1602 iamque
759 1538 901 1599 magis
927 1552 1235 1584 cunctantem
1261 1537 1452 1583 flectere
1479 1553 1629 1582 sermo
1719 1560 1782 1591 940

351 1619 587 1668 coeperat,
612 1605 782 1651 infelix
811 1622 973 1651 umero
998 1622 1108 1651 cum
1134 1604 1350 1667 apparuit
1376 1604 1473 1650 alto

353 1672 533 1718 balteus
560 1685 606 1718 et
632 1672 754 1718 notis
780 1673 1017 1718 fulserunt
1043 1672 1233 1732 cingula
1258 1670 1398 1717 bullis

354 1739 578 1784 Pallantis
604 1739 756 1801 pueri,
782 1738 964 1784 victum
991 1755 1134 1800 quem
1159 1739 1354 1784 vulnere
1382 1737 1578 1782 Turnus

352 1818 570 1852 straverat
595 1819 735 1867 atque
764 1805 936 1850 umeris
964 1805 1216 1850 inimicum
1248 1803 1434 1864 insigne
1459 1803 1663 1862 gerebat.

352 1872 452 1928 ille,
477 1871 627 1918 oculis
652 1884 900 1933 postquam
927 1871 1047 1916 saevi
1075 1870 1367 1916 monimenta
1392 1869 1565 1915 doloris

352 1938 638 2000 exuviasque
664 1938 834 1994 hausit,
860 1937 991 1983 furiis
1017 1954 1240 1984 accensus
1267 1950 1312 1983 et
1337 1936 1403 1981 ira

354 2005 575 2051 terribilis
600 2023 610 2051 :
648 2009 662 2029 ‘
680 2017 794 2050 tune
820 2004 932 2050 hinc
959 2004 1119 2066 spoliis
1147 2004 1314 2049 indute
1341 2019 1553 2048 meorum

355 2072 552 2134 eripiare
578 2071 697 2117 mihi
719 2074 735 2117 ?
808 2070 957 2116 Pallas
982 2084 1027 2116 te
1053 2072 1140 2117 hoc
1167 2070 1380 2126 vulnere,
1411 2069 1560 2115 Pallas

352 2139 551 2185 inmolat
577 2151 622 2184 et
648 2155 853 2200 poenam
879 2138 1102 2184 scelerato
1129 2154 1185 2183 ex
1212 2136 1437 2197 sanguine
1464 2134 1635 2181 sumit?

352 2207 441 2252 hoc
467 2205 630 2251 dicens
658 2205 834 2250 ferrum
861 2204 1049 2250 adverso
1075 2204 1159 2250 sub
1184 2217 1378 2266 pectore
1405 2201 1570 2248 condit
1721 2224 1785 2255 950

356 2272 575 2318 fervidus.
646 2285 714 2318 ast
740 2271 810 2316 illi
838 2271 1085 2316 solvuntur
1111 2271 1279 2330 frigore
1306 2269 1529 2324 membra,

353 2338 543 2401 vitaque
570 2355 680 2385 cum
705 2337 885 2398 gemitu
912 2337 1034 2397 fugit
1059 2337 1301 2396 indignata
1329 2335 1414 2381 sub
1439 2334 1638 2381 umbras,

349 2466 380 2482 1-
