1861 3256
267 278 339 326 164
714 279 757 317 P.
787 277 1020 317 VERGILI
1050 278 1309 317 MARorns

333 402 421 433 nec
449 386 542 433 iam
568 384 794 432 furtivum
819 383 948 431 Dido
973 385 1226 432 meditatur
1251 400 1457 431 amorem
1480 402 1492 431 ε

333 452 605 512 coniugium
630 463 803 506 vocat3
839 451 929 497 hoc
955 452 1186 513 praetexit
1212 451 1406 497 nomine
1432 450 1637 513 culpam.

402 517 639 578 extemplo
665 516 843 578 Libyae
869 533 1054 578 magnas
1079 518 1116 565 it
1142 519 1281 565 Fama
1305 535 1390 579 per
1414 516 1565 574 urbes,

335 586 487 640 Fama,
514 582 693 628 malum
718 599 809 644 qua
834 599 929 629 non
956 584 1082 631 aliud
1107 584 1314 631 velocius
1340 583 1491 629 ullum
1513 603 1528 638 ;

333 648 595 696 mobilitate
619 647 761 708 viget,
785 649 1000 713 viresque
1025 651 1228 713 adquirit
1253 649 1410 696 eundo
1430 669 1446 706 ;

331 732 472 778 parva
498 726 628 761 metu
652 715 824 776 primo,
849 732 959 762 mox
985 734 1080 763 sese
1105 715 1279 763 attollit
1303 716 1352 761 in
1379 732 1526 772 auras,

333 781 688 843 ingrediturque
715 781 826 839 solo,
855 794 901 828 et
927 796 1067 845 caput
1091 783 1216 828 inter
1241 781 1403 827 nubila
1429 781 1608 828 condit.

333 847 465 893 illam
491 847 641 893 Terra
666 865 846 910 parens,
871 848 938 894 ira
961 846 1149 895 inritata
1173 849 1381 903 deorum,

333 926 608 970 extremam,
633 927 685 960 ut
709 914 976 976 perhibent,
1004 915 1134 962 Coeo
1162 914 1498 976 Enceladoque
1525 930 1727 960 sororem

332 979 597 1042 progenuit,
624 980 824 1041 pedibus
849 981 1054 1027 celerem
1081 994 1126 1028 et
1151 981 1422 1043 pernicibus
1448 980 1529 1026 alis
1551 1000 1566 1036 3
1692 994 1753 1025 180

332 1059 595 1092 monstrum
630 1046 938 1103 horrendum,
962 1047 1140 1108 ingens,
1169 1048 1245 1094 cui
1283 1059 1398 1110 quot
1423 1058 1532 1093 sunt
1557 1061 1753 1108 corpore

466 1113 671 1174 plumae,

334 1191 403 1225 tot
428 1178 592 1239 vigiles
617 1178 744 1224 oculi
771 1179 942 1238 subter,
968 1180 1184 1227 mirabile
1209 1180 1356 1237 dictu,

333 1257 403 1291 tot
430 1245 632 1304 linguae,
661 1244 860 1291 totidem
886 1263 963 1292 ora
988 1259 1169 1303 sonant,
1197 1259 1266 1293 tot
1292 1245 1488 1306 subrigit
1513 1260 1657 1292 aures.

333 1324 474 1357 nocte
501 1311 624 1356 volat
649 1312 767 1357 caeli
795 1312 953 1358 medio
979 1325 1223 1375 terraeque
1248 1329 1333 1374 per
1358 1311 1573 1357 umbram

334 1377 546 1432 stridenS,
575 1394 663 1423 nec
689 1377 819 1424 dulci
846 1378 1053 1424 declinat
1078 1378 1260 1424 lumina
1285 1394 1484 1431 somn03

333 1444 441 1490 luce
467 1443 596 1490 sedet
621 1457 773 1490 custos
801 1458 879 1491 aut
904 1443 1072 1490 summi
1099 1444 1308 1490 culmine
1335 1443 1464 1501 tecti,

306 1510 538 1557 ·turribus
563 1524 640 1557 aut
665 1511 783 1566 altis,
814 1525 858 1557 et
883 1526 1072 1571 magnas
1097 1511 1275 1556 territat
1301 1511 1452 1567 urbes,

333 1590 428 1623 tam
455 1576 551 1622 ficti
578 1576 803 1640 pravique
830 1590 972 1623 tenax
997 1594 1137 1640 quam
1164 1578 1331 1623 nuntia
1354 1578 1468 1624 veri.

280 1686 285 1692 .
331 1644 449 1689 haec
478 1655 580 1689 tum
605 1643 862 1706 multiplici
889 1644 1088 1706 populos
1115 1661 1328 1690 sermone
1354 1643 1565 1705 replebat

333 1710 540 1770 gaudens
568 1722 613 1755 et
638 1709 810 1770 pariter
837 1710 959 1756 facta
985 1722 1126 1772 atque
1151 1710 1330 1756 infecta
1356 1710 1557 1756 canebat
1581 1727 1591 1756 ε
1697 1732 1759 1764 190

333 1775 515 1822 venisse
540 1776 758 1831 Aenean,
784 1775 997 1821 Troiano
1022 1776 1247 1836 sanguine
1273 1789 1469 1831 cretum,

335 1842 410 1888 cui
437 1859 483 1888 se
509 1842 707 1902 pulchra
732 1841 831 1888 viro
858 1841 1078 1902 dignetur
1103 1843 1295 1903 iungere
1321 1842 1451 1889 Dido
1473 1863 1486 1898 ;

335 1925 463 1954 nunc
489 1908 698 1954 hiemem
724 1908 847 1954 inter
873 1925 918 1954 se
946 1909 1077 1963 luxu,
1105 1925 1243 1971 quam
1270 1909 1425 1969 longa,
1451 1908 1626 1964 fovere,

334 1990 584 2034 regnorum
609 1974 894 2020 inmemores
920 1974 1139 2036 turpique
1166 1974 1392 2036 cupidine
1418 1986 1592 2036 captos.

335 2042 450 2086 haec
478 2040 645 2101 passim
671 2041 758 2086 dea
783 2041 923 2087 foeda
947 2040 1099 2086 virum
1125 2040 1352 2087 diffundit
1377 2040 1425 2086 in
1452 2057 1543 2087 ora.

333 2106 548 2168 protinus
573 2106 630 2152 ad
657 2123 815 2167 regem
842 2123 999 2153 cursus
1026 2106 1273 2169 detorquet
1299 2107 1483 2162 Iarban,

335 2172 646 2235 incenditque
673 2173 884 2219 animum
911 2173 1065 2230 dictis,
1093 2185 1232 2235 atque
1257 2186 1441 2233 aggerat
1465 2173 1565 2221 iras.

401 2239 478 2284 hic
508 2239 780 2285 Hammone
805 2253 942 2294 satus,
967 2252 1097 2301 rapta
1124 2238 1460 2285 Garamantide
1486 2239 1728 2300 Nympha,

336 2305 513 2366 templa
538 2305 638 2350 Iovi
665 2319 859 2352 centurn
887 2306 989 2351 latis
1016 2306 1224 2351 inmania
1247 2304 1417 2365 regnis,

335 2384 528 2417 centum
555 2389 651 2417 aras
674 2372 846 2433 posuit,
872 2371 1158 2433 vigilemque
1179 2383 1433 2417 sacraverat
1457 2369 1630 2431 ignem,
1696 2394 1758 2417 200

337 2437 556 2483 excubias
582 2437 742 2482 divom
769 2450 995 2491 aeternas,
1022 2437 1356 2498 pecudumque
1383 2452 1547 2482 cruore

335 2503 509 2564 pingue
536 2503 701 2560 solum,
730 2515 776 2549 et
800 2502 936 2548 variis
960 2502 1175 2548 florentia
1201 2502 1365 2548 limina
1390 2501 1532 2549 sertiS.

335 2569 467 2631 isque
493 2585 651 2614 amens
677 2568 837 2624 animi,
867 2581 912 2614 et
936 2585 1119 2614 rumore
1145 2585 1367 2614 accensus
1393 2585 1562 2625 amaro,

335 2635 508 2681 dicitur
533 2648 642 2681 ante
669 2652 777 2689 aras,
805 2633 960 2680 media
984 2634 1107 2680 inter
1132 2634 1326 2680 numina
1352 2634 1527 2692 divom,

336 2701 486 2748 multa
513 2702 678 2748 Iovem
704 2701 920 2747 manibus
945 2701 1145 2762 supplex
1170 2717 1317 2746 orasse
1342 2699 1518 2763 supinis
1542 2718 1552 2747 :

927 2788 1001 2827 174
1027 2789 1112 2826 quo,

1846 283 1851 290 ·
1848 186 1858 226 <affl
1830 0 1861 166 4.-ἒῷ
