1866 3208
269 233 345 273 ,οι
719 223 762 262 P.
792 221 1027 259 vanem
1057 222 1315 261 MARoms

331 329 431 392 ipse
457 329 584 377 inter
608 329 804 386 medios,
830 329 1033 376 Veneris
1059 329 1309 377 iustissima
1329 347 1456 388 cura,

332 396 599 443 Dardanius
624 408 781 457 caput,
809 412 936 454 ecce,
961 413 1079 459 puer
1103 397 1318 445 detectus
1343 398 1613 452 honestum,

333 463 482 526 qualis
507 479 710 523 gemma,
737 462 897 520 micat,
925 463 1110 510 fulvum
1134 481 1253 527 quae
1279 462 1451 510 dividit
1477 480 1662 520 aurum,

334 542 412 575 aut
437 529 566 575 collo
591 529 750 586 decus,
778 542 859 575 aut
885 529 1027 592 capiti
1053 551 1068 588 ;
1104 531 1179 577 vel
1206 530 1345 594 quale
1370 546 1455 592 per
1479 542 1628 577 artem

332 595 570 641 inclusum
596 595 723 642 buxo
749 609 829 642 aut
855 596 1020 643 Oricia
1047 598 1318 644 terebintho

332 662 462 708 lucet
489 661 642 719 ebur;
679 662 802 708 fusos
828 662 988 709 cervix
1015 663 1091 711 cui
1119 665 1269 710 lactea
1296 663 1450 710 crines

332 728 507 791 accipit
534 741 581 774 et
606 728 741 775 molli
769 729 1009 776 subnectit
1033 730 1236 776 circulus
1262 747 1390 777 aur0.

332 808 376 840 te
402 811 590 857 quoque
616 795 944 857 magnanimae
970 796 1212 854 viderunt,
1237 798 1427 853 Ismare,
1453 808 1617 857 gentes

332 861 529 907 vulnera
555 862 767 923 derigere
795 875 841 909 et
867 863 1070 910 calamos
1097 881 1271 910 armare
1297 880 1499 921 veneno,
1706 887 1767 917 140

335 928 561 974 Maeonia
587 945 809 989 generose
835 929 993 987 domo,
1021 930 1100 976 ubi
1126 930 1320 993 pinguia
1345 930 1475 976 culta

333 1008 654 1057 exercentque
679 995 765 1041 viri
795 995 1108 1059 Pactolusque
1135 997 1304 1058 inrigat
1330 1014 1460 1043 auro·

332 1061 486 1107 adfuit
511 1075 558 1107 et
586 1062 888 1118 Mnestheus,
918 1080 1061 1125 quem
1086 1063 1210 1126 pulsi
1237 1063 1432 1125 pristina
1459 1062 1620 1109 Turni

333 1144 494 1188 aggere
521 1145 790 1174 moerorum
817 1129 1072 1175 sublimem
1097 1130 1244 1190 gloria
1273 1129 1413 1187 tollit,

332 1207 377 1240 et
405 1194 560 1256 Capys
586 1213 596 1241 :
634 1194 748 1241 hinc
777 1212 955 1241 nomen
985 1196 1259 1258 Campanae
1285 1195 1476 1243 ducitur
1503 1196 1623 1243 urbi.

399 1260 470 1306 illi
498 1261 621 1307 inter
645 1279 740 1308 sese
767 1262 870 1308 duri
899 1263 1157 1309 certamina
1183 1263 1298 1309 belli

332 1328 637 1374 contulerant
665 1347 675 1375 :
713 1329 868 1375 media
893 1329 1080 1376 Aeneas
1107 1330 1226 1376 freta
1253 1342 1393 1376 nocte
1419 1329 1619 1376 secabat.

333 1411 538 1457 namque
565 1408 617 1441 ut
643 1395 698 1441 ab
726 1396 949 1442 Euandro
977 1396 1134 1443 castris
1162 1397 1393 1456 ingressus
1419 1396 1645 1452 Etruscis,

332 1478 488 1521 regem
514 1462 628 1518 adit,
654 1476 699 1509 et
725 1463 821 1523 regi
850 1476 1078 1509 memorat
1105 1479 1374 1525 nomenque
1401 1479 1642 1525 genusque
1665 1483 1679 1519 ;

333 1528 507 1590 quidve
533 1543 677 1590 petat,
704 1529 880 1592 quidve
908 1529 1005 1592 ipse
1033 1530 1187 1587 ferat3
1225 1529 1501 1576 Mezentius
1525 1546 1651 1575 arma
1710 1552 1770 1582 150

334 1612 450 1656 quae
477 1595 562 1641 sibi
590 1596 832 1653 conciliet,
862 1596 1169 1659 violentaque
1194 1609 1387 1659 pectora
1413 1595 1571 1642 Turni

333 1661 501 1707 edocet
524 1682 538 1718 ;
575 1663 793 1709 humanis
820 1680 940 1726 quae
968 1663 1027 1709 sit
1053 1663 1228 1709 fiducia
1253 1663 1389 1709 rebus

334 1727 571 1786 admonet,
590 1729 904 1791 inmiscetque
921 1746 1116 1791 preces3
1141 1730 1266 1775 haud
1289 1729 1338 1775 fit
1355 1746 1512 1785 mora3
1538 1728 1767 1775 Tarchon

333 1793 487 1855 iungit
512 1811 622 1856 opes
648 1795 909 1858 foedusque
937 1795 1046 1842 ferit
1070 1816 1083 1852 ;
1122 1809 1221 1842 tum
1248 1795 1396 1841 libera
1422 1795 1506 1842 fati

333 1861 530 1907 classem
556 1862 835 1908 conscendit
861 1861 992 1908 iussis
1018 1879 1132 1923 gens
1158 1862 1308 1924 Lydia
1334 1861 1512 1918 divom,

336 1940 534 1974 externo
561 1929 807 1974 commissa
833 1928 961 1976 duci.
1032 1930 1215 1975 Aene'sa
1241 1928 1411 1990 puppis

334 1994 483 2055 prima
511 2007 659 2051 tenet,
685 2008 834 2041 rostro
862 1995 1088 2056 Phrygios
1115 1995 1366 2042 subiuncta
1391 1995 1567 2041 leones.

334 2061 539 2108 inminet
565 2061 649 2107 Ida
676 2079 828 2123 super,
856 2062 1063 2124 profugis
1090 2062 1349 2123 gratissima
1375 2061 1594 2109 Teucris.

333 2127 409 2173 hic
438 2143 632 2189 magnus
660 2129 789 2175 sedet
815 2130 1018 2186 Aeneam,
1045 2145 1299 2191 secumque
1325 2129 1506 2175 volutat

334 2208 530 2241 eventus
558 2195 673 2241 belli
702 2195 850 2242 varios
873 2216 886 2252 ;
926 2195 1171 2258 Pallasque
1197 2195 1386 2242 sinistro
1711 2209 1770 2240 160

332 2260 510 2307 adfixus
536 2262 668 2308 lateri
697 2262 788 2308 iam
815 2262 997 2326 quaerit
1023 2262 1186 2321 sidera,
1213 2278 1383 2324 opacae

333 2327 487 2373 noctis
513 2328 616 2384 iter,
645 2329 738 2374 iam
764 2345 883 2391 quae
913 2346 1065 2390 passus
1094 2342 1305 2391 terraque
1331 2327 1555 2390 marique.

400 2394 596 2456 pandite
623 2411 753 2441 nunc
781 2395 1036 2452 Helicona,
1064 2396 1198 2452 deae,
1223 2408 1483 2456 cantusque
1509 2407 1696 2440 movete
1719 2413 1732 2450 ;

333 2477 451 2522 quae
478 2477 641 2507 manus
668 2460 847 2507 interea
873 2461 1045 2507 Tuscis
1072 2461 1325 2507 comitetur
1349 2461 1406 2506 ab
1431 2460 1522 2506 oris

333 2527 548 2582 Aenean,
577 2540 821 2589 armetque
846 2540 983 2584 rates,
1008 2528 1269 2590 pelagoque
1296 2528 1508 2573 vehatur.

405 2593 637 2639 Massicus
664 2606 815 2639 aerata
839 2593 1056 2655 princeps
1081 2606 1207 2640 secat
1233 2610 1433 2656 aequora
1458 2592 1595 2653 Tigri
1620 2611 1630 2640 :

335 2659 423 2706 sub
449 2676 543 2723 quo
569 2658 701 2706 mille
729 2675 894 2705 manus
920 2660 1164 2718 iuvenum,
1193 2660 1274 2723 qui
1302 2659 1488 2706 moenia
1513 2659 1665 2717 Clusi,

816 2736 887 2786 138
920 2736 1063 2776 mollis.
