1861 3256
607 260 883 298 AENEIDos
915 259 1018 297 Lm.
1048 261 1089 296 v
1527 261 1597 312 183

161 371 381 418 ductores
407 369 546 429 longe
573 367 805 427 effulgent
830 380 1051 430 ostroque
1077 365 1238 413 decori
1258 386 1271 422 3

162 453 318 485 cetera
343 436 548 500 populea
573 434 758 480 velatur
784 433 956 480 fronde
981 434 1220 492 iuventus,

161 505 459 566 nudatosque
485 518 671 549 umeros
697 501 804 546 oleo
829 501 1020 562 perfusa
1047 501 1256 548 nitescit.

161 571 417 618 considunt
442 568 672 626 transtris,
700 567 986 630 intentaque
1012 568 1235 615 bracchia
1260 566 1401 614 remis
1422 585 1431 614 :

160 637 336 684 intenti
366 648 645 699 exspectant
671 635 874 696 signum,
903 635 1286 698 exsultantiaque
1311 634 1471 681 haurit

160 704 299 752 corda
325 721 470 766 pavor
496 704 686 766 pulsans
713 702 1006 765 laudumque
1033 716 1215 749 arrecta
1241 702 1433 765 cupido.

158 771 271 817 inde
298 770 378 816 ubi
406 771 530 817 clara
555 769 690 816 dedit
715 769 926 815 sonitum
953 770 1082 827 tuba,
1110 769 1284 816 finibus
1310 785 1492 826 omnes,

158 838 285 884 haud
311 855 457 896 mora,
483 837 746 900 prosiluere
774 835 896 883 suis:
937 836 1049 883 ferit
1075 838 1269 883 aethera
1296 837 1475 882 clamor
1541 859 1602 889 140

159 905 408 961 nauticus3
446 904 663 951 adductis
691 916 915 966 spumant
942 904 1064 950 freta
1091 921 1222 950 versa
1248 903 1452 950 lacertis.

157 972 405 1034 infindunt
428 972 608 1034 pariter
633 972 803 1029 sulcos,
833 984 1086 1034 totumque
1112 970 1319 1017 dehiscit

158 1039 440 1086 convulsum
465 1038 606 1085 remis
633 1038 893 1101 rostrisque
921 1038 1211 1084 tridentibus
1238 1054 1429 1101 aequor.

158 1124 254 1153 non
282 1119 378 1152 tam
403 1106 690 1169 praecipites
716 1105 880 1166 biiugo
907 1105 1170 1152 certamine
1197 1121 1421 1168 campum

157 1173 428 1236 corripuere
454 1186 698 1236 ruuntque
726 1173 860 1219 effusi
890 1190 1079 1219 carcere
1106 1190 1300 1228 currus3

157 1258 245 1287 nec
273 1241 338 1288 sic
365 1240 570 1287 inmissis
597 1240 786 1302 aurigae
814 1240 1048 1287 undantia
1073 1241 1172 1286 lora

156 1325 437 1374 concussere
463 1308 599 1369 iugis,
626 1307 865 1371 pronique
892 1307 941 1353 in
969 1308 1165 1354 verbera
1190 1307 1424 1370 pendent.

157 1389 259 1421 tum
284 1376 452 1438 plausu
480 1375 776 1438 fremituque
801 1375 959 1422 virum
986 1374 1252 1437 studiisque
1279 1374 1531 1420 faventum

157 1455 388 1489 consonat
413 1459 558 1489 omne
585 1459 770 1500 nemus,
798 1459 1067 1505 vocemque
1094 1442 1279 1488 inclusa
1304 1441 1528 1487 volutant

155 1509 326 1566 litora3
362 1509 537 1572 pulsati
565 1510 711 1556 colles
738 1510 949 1556 clamore
975 1509 1226 1556 resultant.
1541 1531 1602 1562 150

155 1576 321 1637 effugit
347 1590 459 1623 ante
486 1576 600 1623 alios
627 1576 892 1639 primisque
920 1576 1128 1622 elabitur
1154 1575 1294 1622 undis

155 1644 342 1690 turbam
403 1644 530 1690 inter
586 1643 934 1706 fremitumque
995 1644 1156 1705 Gyas3
1211 1659 1355 1706 quem
1421 1642 1598 1690 deinde

289 1710 560 1757 Cloanthus

153 1777 478 1840 consequitur,
505 1777 676 1824 melior
702 1777 860 1836 remis,
888 1778 971 1824 sed
995 1778 1211 1840 pondere
1236 1777 1380 1840 pinus

151 1845 283 1891 tarda
310 1857 460 1892 tenet.
531 1858 640 1908 post
665 1846 750 1892 hos
778 1862 933 1908 aequo
960 1845 1238 1891 discrimine
1268 1844 1430 1891 Pristis

152 1912 523 1975 Centaurusque
550 1912 713 1959 locum
741 1913 953 1959 tendunt
982 1929 1204 1975 superare
1230 1911 1471 1975 priorem3

151 1991 197 2025 et
224 1996 354 2026 nunc
383 1979 544 2026 Pristis
570 1980 733 2038 habet,
763 1997 894 2026 nunc
921 1979 1101 2026 victam
1126 1978 1357 2042 praeterit
1382 1979 1550 2040 ingens

151 2046 439 2105 CentaurUS‚
468 2064 599 2093 nunc
627 2064 722 2094 una
749 2047 916 2094 ambae
944 2047 1220 2110 iunctisque
1247 2047 1471 2092 feruntur

149 2113 404 2172 frontibus,
433 2127 480 2160 et
507 2114 648 2175 longa
675 2114 865 2160 sulcant
889 2115 1010 2160 vada
1038 2114 1155 2160 salsa
1181 2113 1358 2160 carina.

148 2180 338 2244 iamque
366 2181 758 2244 propinquabant
784 2181 999 2244 scopulo,
1028 2194 1303 2244 metamque
1331 2181 1578 2238 tenebant,

150 2264 259 2294 cum
283 2248 508 2311 princeps
536 2248 794 2311 medioque
824 2249 954 2311 Gyas
981 2248 1032 2294 in
1061 2248 1247 2310 gurgite
1272 2247 1427 2294 victor
1539 2263 1599 2293 160

150 2327 382 2362 rectorem
410 2315 542 2361 navis
569 2316 830 2378 compellat
856 2332 975 2362 voce
1003 2316 1306 2362 Menoeten:

120 2385 131 2404 ‘
150 2398 245 2442 quo
271 2394 460 2429 tantum
487 2383 606 2429 mihi
634 2383 803 2429 dexter
830 2382 960 2429 abis?
997 2385 1093 2430 huc
1123 2383 1284 2444 derige
1310 2399 1552 2444 gressum3

151 2447 263 2492 litus
290 2465 408 2507 ama,
438 2463 485 2496 et
510 2451 668 2496 laevas
694 2450 896 2511 stringat
923 2449 1025 2497 sine
1051 2451 1264 2513 palmula
1294 2463 1488 2507 cautes;

152 2514 301 2561 altum
327 2516 405 2561 alii
433 2517 666 2564 teneant.'
737 2516 890 2564 dixit:
929 2518 1011 2564 sed
1038 2535 1178 2570 caeca
1207 2518 1467 2564 Menoetes

151 2597 260 2627 saxa
287 2582 459 2629 timens
484 2601 672 2646 proram
697 2584 853 2647 pelagi
881 2585 1138 2648 detorquet
1164 2585 1223 2631 ad
1251 2585 1420 2631 undas,

119 2651 131 2671 ‘
151 2664 247 2709 quo
273 2647 482 2695 diversus
508 2651 660 2697 abis?’
697 2651 891 2710 iterum,
920 2656 1060 2715 ‘pete
1086 2669 1210 2710 saxa,
1241 2650 1512 2707 Menoete‚'

152 2730 264 2760 cum
290 2714 496 2762 clamore
523 2717 653 2779 Gyas
679 2719 963 2775 revocabat;
1002 2731 1049 2765 et
1077 2736 1188 2765 ecce
1218 2718 1519 2764 Cloanthum

728 2795 798 2844 163
831 2797 949 2833 laeva.
