1866 3208
265 250 339 299 366
697 249 740 287 P.
775 246 1008 286 VERGILI
1044 247 1300 285 MARONIS

329 356 561 403 continuo
585 371 772 418 pugnae
796 353 1012 400 accendit
1037 354 1221 400 maioris
1245 354 1429 413 imago;
1690 370 1753 408 560

333 424 586 469 Mnesthea
614 423 975 483 Sergestumque
998 434 1133 467 vocat
1158 421 1419 482 fortemque
1448 421 1683 466 Serestum

329 490 563 546 ductores,
591 488 926 549 tumulumque
952 487 1094 549 capit,
1118 504 1210 550 qua
1234 499 1387 533 cetera
1414 486 1658 533 Teucrum

329 555 570 603 concurrit
594 554 736 615 legio,
761 570 850 600 nec
877 566 1006 600 scuta
1031 566 1110 600 aut
1135 554 1314 616 spicula
1338 553 1471 599 densi

329 623 592 684 deponunt.
664 621 790 666 celso
815 620 999 666 medius
1025 633 1146 667 stans
1173 636 1335 680 aggere
1361 620 1512 666 fatur:

330 705 387 734 ne
414 705 504 750 qua
531 687 647 733 meis
674 700 771 732 esto
796 687 934 732 dictis
961 703 1118 742 mora;
1155 686 1370 748 Iuppiter
1393 687 1480 732 hac
1507 698 1623 740 stat3

328 771 421 801 neu
448 754 551 816 quis
578 755 637 799 ob
663 754 913 815 inceptum
939 753 1147 800 subitum
1173 753 1290 799 mihi
1317 752 1498 812 segnior
1522 752 1604 799 ito.

329 822 493 868 urbem
518 821 676 878 hodie,
704 836 889 866 causam
916 820 1044 876 belli,
1071 836 1211 880 regna
1236 820 1333 882 ipsa
1360 819 1535 876 Latini,

327 888 375 934 ni
405 888 592 933 frenum
619 886 835 948 accipere
863 900 907 932 et
931 886 1044 932 victi
1070 903 1228 948 parere
1256 886 1478 942 fatentur,

326 971 485 1000 eruam
513 966 559 999 et
584 970 730 1015 aequa
758 954 858 999 solo
885 953 1115 999 fumantia
1141 953 1349 999 culmina
1375 968 1564 1014 ponam.

325 1021 508 1067 scilicet
536 1032 821 1082 exspectem,
849 1019 993 1065 libeat
1019 1019 1134 1065 dum
1158 1019 1334 1082 proelia
1361 1019 1533 1064 Turno
1694 1042 1755 1072 570

326 1099 477 1133 nostra
503 1087 618 1148 pati,
643 1103 895 1148 rursusque
922 1086 1036 1131 velit
1061 1102 1340 1132 concurrere
1364 1085 1545 1131 victus?

325 1155 414 1199 hoc
442 1167 599 1215 caput,
625 1171 652 1198 o
679 1153 817 1210 cives,
845 1154 959 1198 haec
988 1151 1100 1198 belli
1127 1169 1308 1198 summa
1334 1151 1543 1198 nefandi.

326 1221 446 1266 ferte
475 1221 597 1266 faces
622 1237 820 1282 propere
848 1219 1107 1281 foedusque
1132 1219 1361 1281 reposcite
1387 1216 1615 1264 flammis.⁷

324 1287 522 1342 dixerat,
548 1300 688 1348 atque
715 1286 884 1331 animis
911 1286 1083 1348 pariter
1107 1285 1395 1332 certantibus
1421 1301 1582 1330 omnes

324 1353 437 1400 dant
463 1370 671 1399 cuneum
698 1353 936 1415 densaque
962 1352 1019 1398 ad
1046 1369 1200 1397 muros
1226 1352 1350 1397 mole
1377 1351 1607 1397 feruntur.

325 1421 472 1466 scalae
498 1420 735 1481 inproviso
763 1420 1039 1481 subitusque
1066 1418 1280 1481 apparuit
1305 1417 1440 1478 ignis.

325 1487 595 1532 discurrunt
621 1486 699 1532 alii
727 1486 783 1531 ad
810 1498 964 1547 portas
990 1485 1260 1547 primosque
1286 1484 1537 1540 trucidant,

327 1554 502 1599 ferrum
528 1553 606 1598 alii
635 1565 860 1615 torquent
887 1566 933 1598 et
959 1552 1242 1598 obumbrant
1266 1553 1454 1597 aethera
1479 1550 1599 1597 telis.

325 1620 423 1682 ipse
448 1620 574 1665 inter
599 1619 775 1681 primos
803 1619 1018 1665 dextram
1045 1619 1129 1664 sub
1155 1618 1342 1664 moenia
1366 1617 1521 1663 tendit

324 1688 523 1742 Aeneas,
550 1702 814 1748 magnaque
842 1686 1026 1732 incusat
1051 1702 1164 1731 voce
1191 1685 1432 1740 Latinum,
1698 1697 1758 1735 580

327 1765 614 1814 testaturque
641 1753 751 1798 deos
778 1753 952 1798 iterum
980 1769 1025 1798 se
1051 1752 1109 1797 ad
1131 1751 1308 1814 proelia
1334 1751 1452 1811 cogi,

325 1819 394 1865 bis
422 1819 514 1864 iam
541 1819 682 1864 Italos
708 1820 878 1875 hostes,
907 1820 1021 1864 haec
1049 1818 1142 1863 iam
1167 1819 1310 1864 altera
1336 1817 1521 1862 foedera
1546 1816 1719 1878 rumpi.

325 1885 534 1932 exoritur
559 1885 768 1946 trepidos
794 1885 920 1930 inter
947 1885 1177 1930 discordia
1203 1884 1356 1930 cives:

327 1952 491 1998 urbem
516 1951 594 1996 alii
623 1968 823 1997 reserare
852 1951 1018 1997 iubent
1045 1964 1090 1996 et
1115 1951 1317 2013 pandere
1343 1963 1496 2011 portas

325 2018 623 2074 Dardanidis,
649 2018 902 2080 ipsumque
932 2019 1125 2063 trahunt
1150 2018 1200 2062 in
1227 2016 1411 2062 moenia
1436 2031 1624 2076 regem3

326 2102 449 2131 arma
476 2085 635 2131 ferunt
662 2084 739 2129 alii
770 2096 816 2130 et
843 2096 1047 2146 pergunt
1071 2083 1327 2130 defendere
1353 2099 1537 2128 muros:

326 2152 529 2198 inclusas
556 2165 607 2197 ut
633 2168 743 2197 cum
770 2151 1005 2197 latebroso
1030 2151 1079 2196 in
1106 2150 1296 2212 pumice
1321 2162 1475 2212 pastor

324 2219 569 2278 vestigavit
594 2235 702 2280 apes
731 2218 959 2280 fumoque
987 2217 1187 2280 inplevit
1211 2233 1397 2270 amar0;

326 2285 435 2330 illae
462 2285 588 2331 intus
618 2285 827 2347 trepidae
854 2301 1008 2330 rerum
1035 2301 1118 2346 per
1142 2300 1273 2330 cerea
1299 2296 1440 2329 castra

325 2351 596 2397 discurrunt
622 2351 897 2413 magnisque
923 2363 1100 2396 acuunt
1127 2349 1397 2396 stridoribus
1422 2348 1537 2401 iras;
1698 2370 1758 2401 590

326 2417 531 2463 volvitur
557 2430 655 2462 ater
681 2418 797 2462 odor
823 2417 990 2470 tecti53
1028 2430 1128 2462 tum
1156 2430 1394 2461 murmure
1419 2430 1559 2460 caeco

328 2484 456 2529 intus
483 2501 586 2528 saxa
614 2496 811 2536 sonant3
846 2499 1011 2528 vacuas
1038 2483 1075 2528 it
1103 2483 1259 2527 fumus
1284 2481 1340 2526 ad
1364 2497 1509 2526 auras.

396 2550 569 2596 accidit
595 2551 708 2595 haec
736 2549 866 2594 fessis
894 2548 1034 2594 etiam
1061 2549 1251 2593 fortuna
1276 2547 1472 2604 Latinis,

329 2633 448 2679 quae
476 2629 623 2662 totam
649 2616 784 2661 luctu
812 2615 1046 2661 concussit
1072 2615 1285 2660 funditus
1313 2613 1492 2660 urbem.

330 2683 490 2744 regina
517 2695 566 2728 ut
594 2681 728 2728 tectis
751 2681 1023 2727 venientem
1049 2681 1273 2743 prospicit
1298 2681 1499 2737 hostem,

331 2749 499 2796 incessi
526 2765 698 2807 murOS,
726 2748 856 2809 ignes
881 2747 939 2794 ad
964 2761 1084 2794 tecta
1108 2748 1279 2805 volare,

1855 2218 1866 2414 5¹.-41—ss-...w
1856 2003 1866 2206 ,ΛΔ-.-ψ
1860 1905 1866 1963 ...ΛΦ
1864 1888 1866 1891 Α
1864 1871 1866 1874 Α
