<?xml version="1.0" encoding="UTF-8"?>
<!DOCTYPE html PUBLIC "-//W3C//DTD XHTML 1.0 Transitional//EN"
    "http://www.w3.org/TR/xhtml1/DTD/xhtml1-transitional.dtd">
<html xmlns="http://www.w3.org/1999/xhtml" xml:lang="en" lang="en">
 <head>
  <title>
</title>
<meta http-equiv="Content-Type" content="text/html;charset=utf-8" />
  <meta name='ocr-system' content='tesseract 3.04.00' />
  <meta name='ocr-capabilities' content='ocr_page ocr_carea ocr_par ocr_line ocrx_word'/>
</head>
<body>
  <div class='ocr_page' id='page_1' title='image "./operabucolicageo00virguoft_0408.png"; bbox 0 0 1866 3208; ppageno 0'>
   <div class='ocr_carea' id='block_1_1' title="bbox 293 229 1334 282">
    <p class='ocr_par' dir='ltr' id='par_1_1' title="bbox 293 229 1334 282">
     <span class='ocr_line' id='line_1_1' title="bbox 293 229 1334 282; baseline -0.016 0"><span class='ocrx_word' id='word_1_1' title='bbox 293 243 369 282; x_wconf 89' lang='lat'>374</span> <span class='ocrx_word' id='word_1_2' title='bbox 739 229 1046 269; x_wconf 84' lang='lat' dir='ltr'>P.VERG1L1</span> <span class='ocrx_word' id='word_1_3' title='bbox 1077 229 1334 267; x_wconf 76' lang='lat' dir='ltr'>MARoms</span> 
     </span>
    </p>
   </div>
   <div class='ocr_carea' id='block_1_2' title="bbox 329 333 1866 2797">
    <p class='ocr_par' dir='ltr' id='par_1_2' title="bbox 355 333 1792 1798">
     <span class='ocr_line' id='line_1_2' title="bbox 357 333 1784 414; baseline -0.005 -28"><span class='ocrx_word' id='word_1_4' title='bbox 357 351 599 414; x_wconf 89' lang='lat' dir='ltr'>apparent,</span> <span class='ocrx_word' id='word_1_5' title='bbox 625 349 899 398; x_wconf 87' lang='lat' dir='ltr'>acuuntque</span> <span class='ocrx_word' id='word_1_6' title='bbox 925 349 1106 382; x_wconf 88' lang='lat' dir='ltr'>metum</span> <span class='ocrx_word' id='word_1_7' title='bbox 1130 334 1404 381; x_wconf 82' lang='lat' dir='ltr'>mortalibus</span> <span class='ocrx_word' id='word_1_8' title='bbox 1430 333 1592 395; x_wconf 85' lang='lat' dir='ltr'>aegris,</span> <span class='ocrx_word' id='word_1_9' title='bbox 1722 348 1784 387; x_wconf 75' lang='lat'>850</span> 
     </span>
     <span class='ocr_line' id='line_1_3' title="bbox 358 400 1667 468; baseline -0.005 -16"><span class='ocrx_word' id='word_1_10' title='bbox 358 406 393 452; x_wconf 88' lang='lat' dir='ltr'>si</span> <span class='ocrx_word' id='word_1_11' title='bbox 420 405 610 468; x_wconf 91' lang='lat' dir='ltr'>quando</span> <span class='ocrx_word' id='word_1_12' title='bbox 636 404 788 450; x_wconf 92' lang='lat' dir='ltr'>letum</span> <span class='ocrx_word' id='word_1_13' title='bbox 813 402 1087 448; x_wconf 87' lang='lat' dir='ltr'>horrificum</span> <span class='ocrx_word' id='word_1_14' title='bbox 1112 402 1392 463; x_wconf 89' lang='lat' dir='ltr'>morbosque</span> <span class='ocrx_word' id='word_1_15' title='bbox 1417 400 1559 446; x_wconf 89' lang='lat' dir='ltr'>deum</span> <span class='ocrx_word' id='word_1_16' title='bbox 1585 417 1667 447; x_wconf 83' lang='lat' dir='ltr'>rex</span> 
     </span>
     <span class='ocr_line' id='line_1_4' title="bbox 357 468 1419 527; baseline -0.005 -9"><span class='ocrx_word' id='word_1_17' title='bbox 357 472 565 527; x_wconf 90' lang='lat' dir='ltr'>molitur,</span> <span class='ocrx_word' id='word_1_18' title='bbox 593 469 779 516; x_wconf 89' lang='lat' dir='ltr'>meritas</span> <span class='ocrx_word' id='word_1_19' title='bbox 805 482 884 515; x_wconf 91' lang='lat' dir='ltr'>aut</span> <span class='ocrx_word' id='word_1_20' title='bbox 911 468 1035 515; x_wconf 91' lang='lat' dir='ltr'>bello</span> <span class='ocrx_word' id='word_1_21' title='bbox 1062 468 1242 515; x_wconf 91' lang='lat' dir='ltr'>territat</span> <span class='ocrx_word' id='word_1_22' title='bbox 1269 468 1419 514; x_wconf 90' lang='lat' dir='ltr'>urbes.</span> 
     </span>
     <span class='ocr_line' id='line_1_5' title="bbox 355 534 1640 584; baseline -0.003 0"><span class='ocrx_word' id='word_1_23' title='bbox 355 540 523 584; x_wconf 92' lang='lat' dir='ltr'>harum</span> <span class='ocrx_word' id='word_1_24' title='bbox 550 553 693 583; x_wconf 92' lang='lat' dir='ltr'>unam</span> <span class='ocrx_word' id='word_1_25' title='bbox 719 536 923 582; x_wconf 89' lang='lat' dir='ltr'>celerem</span> <span class='ocrx_word' id='word_1_26' title='bbox 949 534 1138 582; x_wconf 89' lang='lat' dir='ltr'>demisit</span> <span class='ocrx_word' id='word_1_27' title='bbox 1161 535 1218 581; x_wconf 94' lang='lat' dir='ltr'>ab</span> <span class='ocrx_word' id='word_1_28' title='bbox 1243 535 1431 581; x_wconf 89' lang='lat' dir='ltr'>aethere</span> <span class='ocrx_word' id='word_1_29' title='bbox 1456 549 1640 580; x_wconf 89' lang='lat' dir='ltr'>summo</span> 
     </span>
     <span class='ocr_line' id='line_1_6' title="bbox 357 599 1625 667; baseline -0.003 -17"><span class='ocrx_word' id='word_1_30' title='bbox 357 604 588 667; x_wconf 91' lang='lat' dir='ltr'>Iuppiter,</span> <span class='ocrx_word' id='word_1_31' title='bbox 616 603 762 665; x_wconf 90' lang='lat' dir='ltr'>inque</span> <span class='ocrx_word' id='word_1_32' title='bbox 789 619 930 648; x_wconf 92' lang='lat' dir='ltr'>omen</span> <span class='ocrx_word' id='word_1_33' title='bbox 959 603 1182 648; x_wconf 90' lang='lat' dir='ltr'>Iuturnae</span> <span class='ocrx_word' id='word_1_34' title='bbox 1208 617 1453 647; x_wconf 90' lang='lat' dir='ltr'>occurrere</span> <span class='ocrx_word' id='word_1_35' title='bbox 1480 599 1625 647; x_wconf 90' lang='lat' dir='ltr'>iussit.</span> 
     </span>
     <span class='ocr_line' id='line_1_7' title="bbox 357 667 1553 731; baseline -0.003 -14"><span class='ocrx_word' id='word_1_36' title='bbox 357 672 436 717; x_wconf 91' lang='lat' dir='ltr'>illa</span> <span class='ocrx_word' id='word_1_37' title='bbox 460 671 600 726; x_wconf 89' lang='lat' dir='ltr'>volat,</span> <span class='ocrx_word' id='word_1_38' title='bbox 628 669 867 731; x_wconf 91' lang='lat' dir='ltr'>celerique</span> <span class='ocrx_word' id='word_1_39' title='bbox 895 669 952 714; x_wconf 91' lang='lat' dir='ltr'>ad</span> <span class='ocrx_word' id='word_1_40' title='bbox 979 681 1146 714; x_wconf 91' lang='lat' dir='ltr'>terram</span> <span class='ocrx_word' id='word_1_41' title='bbox 1173 667 1361 715; x_wconf 89' lang='lat' dir='ltr'>turbine</span> <span class='ocrx_word' id='word_1_42' title='bbox 1388 667 1553 714; x_wconf 88' lang='lat' dir='ltr'>fertur.</span> 
     </span>
     <span class='ocr_line' id='line_1_8' title="bbox 358 733 1600 797; baseline -0.004 -13"><span class='ocrx_word' id='word_1_43' title='bbox 358 755 453 784; x_wconf 89' lang='lat' dir='ltr'>non</span> <span class='ocrx_word' id='word_1_44' title='bbox 481 754 626 794; x_wconf 91' lang='lat' dir='ltr'>secus,</span> <span class='ocrx_word' id='word_1_45' title='bbox 653 753 705 782; x_wconf 90' lang='lat' dir='ltr'>ac</span> <span class='ocrx_word' id='word_1_46' title='bbox 734 753 879 782; x_wconf 90' lang='lat' dir='ltr'>nervo</span> <span class='ocrx_word' id='word_1_47' title='bbox 906 752 987 797; x_wconf 91' lang='lat' dir='ltr'>per</span> <span class='ocrx_word' id='word_1_48' title='bbox 1014 735 1187 782; x_wconf 90' lang='lat' dir='ltr'>nubem</span> <span class='ocrx_word' id='word_1_49' title='bbox 1214 734 1399 796; x_wconf 89' lang='lat' dir='ltr'>inpulsa</span> <span class='ocrx_word' id='word_1_50' title='bbox 1425 733 1600 794; x_wconf 86' lang='lat' dir='ltr'>sagitta,</span> 
     </span>
     <span class='ocr_line' id='line_1_9' title="bbox 356 800 1470 864; baseline -0.004 -13"><span class='ocrx_word' id='word_1_51' title='bbox 356 818 583 851; x_wconf 89' lang='lat' dir='ltr'>armatam</span> <span class='ocrx_word' id='word_1_52' title='bbox 608 802 728 849; x_wconf 87' lang='lat' dir='ltr'>saevi</span> <span class='ocrx_word' id='word_1_53' title='bbox 758 803 957 848; x_wconf 88' lang='lat' dir='ltr'>Parthus</span> <span class='ocrx_word' id='word_1_54' title='bbox 984 819 1124 864; x_wconf 90' lang='lat' dir='ltr'>quam</span> <span class='ocrx_word' id='word_1_55' title='bbox 1151 802 1260 848; x_wconf 89' lang='lat' dir='ltr'>felle</span> <span class='ocrx_word' id='word_1_56' title='bbox 1280 800 1470 857; x_wconf 86' lang='lat' dir='ltr'>veneni,</span> 
     </span>
     <span class='ocr_line' id='line_1_10' title="bbox 360 866 1638 931; baseline -0.005 -13"><span class='ocrx_word' id='word_1_57' title='bbox 360 872 574 926; x_wconf 90' lang='lat' dir='ltr'>Parthus,</span> <span class='ocrx_word' id='word_1_58' title='bbox 599 869 693 916; x_wconf 89' lang='lat' dir='ltr'>sive</span> <span class='ocrx_word' id='word_1_59' title='bbox 721 869 908 931; x_wconf 92' lang='lat' dir='ltr'>Cydon,</span> <span class='ocrx_word' id='word_1_60' title='bbox 939 870 1087 915; x_wconf 92' lang='lat' dir='ltr'>telum</span> <span class='ocrx_word' id='word_1_61' title='bbox 1113 867 1462 924; x_wconf 86' lang='lat' dir='ltr'>inmedicabile,</span> <span class='ocrx_word' id='word_1_62' title='bbox 1490 866 1638 923; x_wconf 89' lang='lat' dir='ltr'>torsit,</span> 
     </span>
     <span class='ocr_line' id='line_1_11' title="bbox 359 934 1572 996; baseline -0.004 -12"><span class='ocrx_word' id='word_1_63' title='bbox 359 938 556 984; x_wconf 89' lang='lat' dir='ltr'>stridens</span> <span class='ocrx_word' id='word_1_64' title='bbox 582 950 628 983; x_wconf 92' lang='lat' dir='ltr'>et</span> <span class='ocrx_word' id='word_1_65' title='bbox 655 937 828 983; x_wconf 82' lang='lat' dir='ltr'>celeres</span> <span class='ocrx_word' id='word_1_66' title='bbox 856 935 1099 996; x_wconf 90' lang='lat' dir='ltr'>incognita</span> <span class='ocrx_word' id='word_1_67' title='bbox 1125 935 1326 981; x_wconf 86' lang='lat' dir='ltr'>transilit</span> <span class='ocrx_word' id='word_1_68' title='bbox 1353 934 1538 980; x_wconf 91' lang='lat' dir='ltr'>umbras</span> <span class='ocrx_word' id='word_1_69' title='bbox 1561 951 1572 980; x_wconf 90' lang='lat'><strong>:</strong></span> 
     </span>
     <span class='ocr_line' id='line_1_12' title="bbox 359 1001 1787 1064; baseline -0.004 -13"><span class='ocrx_word' id='word_1_70' title='bbox 359 1005 461 1051; x_wconf 90' lang='lat' dir='ltr'>talis</span> <span class='ocrx_word' id='word_1_71' title='bbox 487 1020 533 1050; x_wconf 90' lang='lat' dir='ltr'>se</span> <span class='ocrx_word' id='word_1_72' title='bbox 560 1016 653 1050; x_wconf 87' lang='lat' dir='ltr'>sata</span> <span class='ocrx_word' id='word_1_73' title='bbox 680 1003 839 1049; x_wconf 88' lang='lat' dir='ltr'>Nocte</span> <span class='ocrx_word' id='word_1_74' title='bbox 869 1002 981 1049; x_wconf 90' lang='lat' dir='ltr'>tulit</span> <span class='ocrx_word' id='word_1_75' title='bbox 1008 1015 1240 1064; x_wconf 86' lang='lat' dir='ltr'>terrasque</span> <span class='ocrx_word' id='word_1_76' title='bbox 1266 1001 1448 1064; x_wconf 90' lang='lat' dir='ltr'>petivit.</span> <span class='ocrx_word' id='word_1_77' title='bbox 1725 1013 1787 1045; x_wconf 87' lang='lat'>860</span> 
     </span>
     <span class='ocr_line' id='line_1_13' title="bbox 359 1065 1680 1134; baseline -0.005 -16"><span class='ocrx_word' id='word_1_78' title='bbox 359 1084 607 1134; x_wconf 85' lang='lat' dir='ltr'>postquam</span> <span class='ocrx_word' id='word_1_79' title='bbox 633 1069 753 1116; x_wconf 88' lang='lat' dir='ltr'>acies</span> <span class='ocrx_word' id='word_1_80' title='bbox 780 1069 908 1115; x_wconf 86' lang='lat' dir='ltr'>videt</span> <span class='ocrx_word' id='word_1_81' title='bbox 936 1069 1101 1114; x_wconf 88' lang='lat' dir='ltr'>Iliacas</span> <span class='ocrx_word' id='word_1_82' title='bbox 1127 1081 1266 1131; x_wconf 91' lang='lat' dir='ltr'>atque</span> <span class='ocrx_word' id='word_1_83' title='bbox 1292 1067 1477 1129; x_wconf 88' lang='lat' dir='ltr'>agmina</span> <span class='ocrx_word' id='word_1_84' title='bbox 1503 1065 1680 1122; x_wconf 92' lang='lat' dir='ltr'>Turni,</span> 
     </span>
     <span class='ocr_line' id='line_1_14' title="bbox 358 1135 1436 1200; baseline -0.004 -16"><span class='ocrx_word' id='word_1_85' title='bbox 358 1137 518 1184; x_wconf 86' lang='lat' dir='ltr'>alitis</span> <span class='ocrx_word' id='word_1_86' title='bbox 507 1155 556 1183; x_wconf 92' lang='lat' dir='ltr'>1n</span> <span class='ocrx_word' id='word_1_87' title='bbox 582 1154 746 1200; x_wconf 89' lang='lat' dir='ltr'>parvae</span> <span class='ocrx_word' id='word_1_88' title='bbox 775 1136 977 1182; x_wconf 89' lang='lat' dir='ltr'>subitam</span> <span class='ocrx_word' id='word_1_89' title='bbox 1004 1135 1202 1181; x_wconf 89' lang='lat' dir='ltr'>collecta</span> <span class='ocrx_word' id='word_1_90' title='bbox 1228 1135 1436 1195; x_wconf 86' lang='lat' dir='ltr'>figuram,</span> 
     </span>
     <span class='ocr_line' id='line_1_15' title="bbox 359 1200 1630 1268; baseline -0.005 -17"><span class='ocrx_word' id='word_1_91' title='bbox 359 1221 478 1268; x_wconf 88' lang='lat' dir='ltr'>quae</span> <span class='ocrx_word' id='word_1_92' title='bbox 504 1203 781 1267; x_wconf 89' lang='lat' dir='ltr'>quondam</span> <span class='ocrx_word' id='word_1_93' title='bbox 770 1220 818 1248; x_wconf 92' lang='lat' dir='ltr'>1n</span> <span class='ocrx_word' id='word_1_94' title='bbox 848 1202 992 1248; x_wconf 89' lang='lat' dir='ltr'>bustis</span> <span class='ocrx_word' id='word_1_95' title='bbox 1018 1215 1098 1248; x_wconf 92' lang='lat' dir='ltr'>aut</span> <span class='ocrx_word' id='word_1_96' title='bbox 1123 1201 1412 1248; x_wconf 88' lang='lat' dir='ltr'>culminibus</span> <span class='ocrx_word' id='word_1_97' title='bbox 1438 1200 1630 1246; x_wconf 87' lang='lat' dir='ltr'>desertis</span> 
     </span>
     <span class='ocr_line' id='line_1_16' title="bbox 359 1267 1661 1330; baseline -0.005 -12"><span class='ocrx_word' id='word_1_98' title='bbox 359 1285 500 1318; x_wconf 91' lang='lat' dir='ltr'>nocte</span> <span class='ocrx_word' id='word_1_99' title='bbox 526 1271 690 1317; x_wconf 86' lang='lat' dir='ltr'>sedens</span> <span class='ocrx_word' id='word_1_100' title='bbox 717 1287 871 1316; x_wconf 88' lang='lat' dir='ltr'>serum</span> <span class='ocrx_word' id='word_1_101' title='bbox 901 1269 1026 1315; x_wconf 91' lang='lat' dir='ltr'>canit</span> <span class='ocrx_word' id='word_1_102' title='bbox 1053 1269 1308 1330; x_wconf 91' lang='lat' dir='ltr'>inportuna</span> <span class='ocrx_word' id='word_1_103' title='bbox 1333 1283 1415 1330; x_wconf 91' lang='lat' dir='ltr'>per</span> <span class='ocrx_word' id='word_1_104' title='bbox 1441 1267 1661 1322; x_wconf 90' lang='lat' dir='ltr'>umbras;</span> 
     </span>
     <span class='ocr_line' id='line_1_17' title="bbox 360 1334 1524 1397; baseline -0.005 -13"><span class='ocrx_word' id='word_1_105' title='bbox 360 1340 481 1384; x_wconf 92' lang='lat' dir='ltr'>hanc</span> <span class='ocrx_word' id='word_1_106' title='bbox 507 1355 633 1384; x_wconf 89' lang='lat' dir='ltr'>versa</span> <span class='ocrx_word' id='word_1_107' title='bbox 659 1337 708 1382; x_wconf 89' lang='lat' dir='ltr'>in</span> <span class='ocrx_word' id='word_1_108' title='bbox 738 1336 907 1382; x_wconf 90' lang='lat' dir='ltr'>faciem</span> <span class='ocrx_word' id='word_1_109' title='bbox 937 1335 1094 1382; x_wconf 91' lang='lat' dir='ltr'>Turni</span> <span class='ocrx_word' id='word_1_110' title='bbox 1123 1351 1167 1381; x_wconf 86' lang='lat' dir='ltr'>se</span> <span class='ocrx_word' id='word_1_111' title='bbox 1193 1334 1335 1397; x_wconf 88' lang='lat' dir='ltr'>pestis</span> <span class='ocrx_word' id='word_1_112' title='bbox 1361 1334 1422 1379; x_wconf 94' lang='lat' dir='ltr'>ob</span> <span class='ocrx_word' id='word_1_113' title='bbox 1447 1350 1524 1379; x_wconf 93' lang='lat' dir='ltr'>ora</span> 
     </span>
     <span class='ocr_line' id='line_1_18' title="bbox 359 1399 1747 1467; baseline -0.004 -16"><span class='ocrx_word' id='word_1_114' title='bbox 359 1406 546 1467; x_wconf 87' lang='lat' dir='ltr'>fertque</span> <span class='ocrx_word' id='word_1_115' title='bbox 572 1404 811 1466; x_wconf 88' lang='lat' dir='ltr'>refertque</span> <span class='ocrx_word' id='word_1_116' title='bbox 840 1419 1022 1460; x_wconf 78' lang='lat' dir='ltr'>sonanS,</span> <span class='ocrx_word' id='word_1_117' title='bbox 1051 1402 1357 1464; x_wconf 88' lang='lat' dir='ltr'>clipeumque</span> <span class='ocrx_word' id='word_1_118' title='bbox 1385 1400 1624 1446; x_wconf 88' lang='lat' dir='ltr'>everberat</span> <span class='ocrx_word' id='word_1_119' title='bbox 1649 1399 1747 1445; x_wconf 89' lang='lat' dir='ltr'>alis.</span> 
     </span>
     <span class='ocr_line' id='line_1_19' title="bbox 359 1468 1485 1530; baseline -0.005 -12"><span class='ocrx_word' id='word_1_120' title='bbox 359 1472 429 1518; x_wconf 91' lang='lat' dir='ltr'>illi</span> <span class='ocrx_word' id='word_1_121' title='bbox 458 1471 665 1518; x_wconf 89' lang='lat' dir='ltr'>membra</span> <span class='ocrx_word' id='word_1_122' title='bbox 693 1487 840 1516; x_wconf 89' lang='lat' dir='ltr'>novus</span> <span class='ocrx_word' id='word_1_123' title='bbox 867 1470 1002 1516; x_wconf 88' lang='lat' dir='ltr'>solvit</span> <span class='ocrx_word' id='word_1_124' title='bbox 1028 1468 1284 1515; x_wconf 90' lang='lat' dir='ltr'>formidine</span> <span class='ocrx_word' id='word_1_125' title='bbox 1311 1480 1485 1530; x_wconf 89' lang='lat' dir='ltr'>torpor,</span> 
     </span>
     <span class='ocr_line' id='line_1_20' title="bbox 359 1532 1704 1600; baseline -0.004 -15"><span class='ocrx_word' id='word_1_126' title='bbox 359 1552 659 1600; x_wconf 89' lang='lat' dir='ltr'>arrectaeque</span> <span class='ocrx_word' id='word_1_127' title='bbox 685 1539 875 1583; x_wconf 91' lang='lat' dir='ltr'>horrore</span> <span class='ocrx_word' id='word_1_128' title='bbox 905 1552 1082 1593; x_wconf 90' lang='lat' dir='ltr'>comae,</span> <span class='ocrx_word' id='word_1_129' title='bbox 1113 1548 1158 1581; x_wconf 91' lang='lat' dir='ltr'>et</span> <span class='ocrx_word' id='word_1_130' title='bbox 1184 1552 1273 1580; x_wconf 84' lang='lat' dir='ltr'>vox</span> <span class='ocrx_word' id='word_1_131' title='bbox 1302 1534 1514 1580; x_wconf 91' lang='lat' dir='ltr'>faucibus</span> <span class='ocrx_word' id='word_1_132' title='bbox 1540 1532 1704 1580; x_wconf 88' lang='lat' dir='ltr'>haesit.</span> 
     </span>
     <span class='ocr_line' id='line_1_21' title="bbox 360 1600 1587 1667; baseline -0.004 -16"><span class='ocrx_word' id='word_1_133' title='bbox 360 1620 422 1662; x_wconf 89' lang='lat' dir='ltr'>at,</span> <span class='ocrx_word' id='word_1_134' title='bbox 447 1605 613 1667; x_wconf 91' lang='lat' dir='ltr'>procul</span> <span class='ocrx_word' id='word_1_135' title='bbox 640 1618 691 1650; x_wconf 92' lang='lat' dir='ltr'>ut</span> <span class='ocrx_word' id='word_1_136' title='bbox 717 1604 860 1650; x_wconf 90' lang='lat' dir='ltr'>Dirae</span> <span class='ocrx_word' id='word_1_137' title='bbox 889 1603 1131 1649; x_wconf 88' lang='lat' dir='ltr'>stridorem</span> <span class='ocrx_word' id='word_1_138' title='bbox 1157 1600 1379 1663; x_wconf 88' lang='lat' dir='ltr'>adgnovit</span> <span class='ocrx_word' id='word_1_139' title='bbox 1409 1614 1454 1647; x_wconf 93' lang='lat' dir='ltr'>et</span> <span class='ocrx_word' id='word_1_140' title='bbox 1479 1601 1587 1658; x_wconf 92' lang='lat' dir='ltr'>alas,</span> 
     </span>
     <span class='ocr_line' id='line_1_22' title="bbox 361 1670 1792 1726; baseline -0.004 -9"><span class='ocrx_word' id='word_1_141' title='bbox 361 1672 529 1718; x_wconf 86' lang='lat' dir='ltr'>infelix</span> <span class='ocrx_word' id='word_1_142' title='bbox 557 1672 708 1718; x_wconf 90' lang='lat' dir='ltr'>crines</span> <span class='ocrx_word' id='word_1_143' title='bbox 735 1670 908 1716; x_wconf 88' lang='lat' dir='ltr'>scindit</span> <span class='ocrx_word' id='word_1_144' title='bbox 937 1671 1134 1716; x_wconf 89' lang='lat' dir='ltr'>Iuturna</span> <span class='ocrx_word' id='word_1_145' title='bbox 1159 1670 1351 1726; x_wconf 88' lang='lat' dir='ltr'>solutos,</span> <span class='ocrx_word' id='word_1_146' title='bbox 1729 1680 1792 1720; x_wconf 89' lang='lat'>870</span> 
     </span>
     <span class='ocr_line' id='line_1_23' title="bbox 361 1734 1592 1798; baseline -0.004 -14"><span class='ocrx_word' id='word_1_147' title='bbox 361 1738 596 1798; x_wconf 89' lang='lat' dir='ltr'>unguibus</span> <span class='ocrx_word' id='word_1_148' title='bbox 623 1755 701 1783; x_wconf 92' lang='lat' dir='ltr'>ora</span> <span class='ocrx_word' id='word_1_149' title='bbox 727 1754 852 1783; x_wconf 91' lang='lat' dir='ltr'>soror</span> <span class='ocrx_word' id='word_1_150' title='bbox 880 1737 1072 1782; x_wconf 88' lang='lat' dir='ltr'>foedans</span> <span class='ocrx_word' id='word_1_151' title='bbox 1101 1749 1146 1782; x_wconf 92' lang='lat' dir='ltr'>et</span> <span class='ocrx_word' id='word_1_152' title='bbox 1171 1748 1363 1797; x_wconf 93' lang='lat' dir='ltr'>pectora</span> <span class='ocrx_word' id='word_1_153' title='bbox 1388 1734 1557 1796; x_wconf 90' lang='lat' dir='ltr'>pugnis</span> <span class='ocrx_word' id='word_1_154' title='bbox 1581 1751 1592 1779; x_wconf 77' lang='grc' dir='ltr'>ε</span> 
     </span>
    </p>

    <p class='ocr_par' dir='ltr' id='par_1_3' title="bbox 329 1800 1866 2797">
     <span class='ocr_line' id='line_1_24' title="bbox 329 1800 1688 1868; baseline -0.005 -17"><span class='ocrx_word' id='word_1_155' title='bbox 329 1810 342 1830; x_wconf 89' lang='lat'>‘</span> <span class='ocrx_word' id='word_1_156' title='bbox 361 1805 476 1868; x_wconf 91' lang='lat' dir='ltr'>quid</span> <span class='ocrx_word' id='word_1_157' title='bbox 503 1821 632 1850; x_wconf 91' lang='lat' dir='ltr'>nunc</span> <span class='ocrx_word' id='word_1_158' title='bbox 660 1817 706 1850; x_wconf 92' lang='lat' dir='ltr'>te</span> <span class='ocrx_word' id='word_1_159' title='bbox 733 1816 826 1859; x_wconf 91' lang='lat' dir='ltr'>tua,</span> <span class='ocrx_word' id='word_1_160' title='bbox 857 1803 1045 1858; x_wconf 90' lang='lat' dir='ltr'>Turne,</span> <span class='ocrx_word' id='word_1_161' title='bbox 1073 1815 1224 1864; x_wconf 90' lang='lat' dir='ltr'>potest</span> <span class='ocrx_word' id='word_1_162' title='bbox 1249 1818 1468 1862; x_wconf 89' lang='lat' dir='ltr'>germana</span> <span class='ocrx_word' id='word_1_163' title='bbox 1494 1800 1650 1846; x_wconf 90' lang='lat' dir='ltr'>iuvare</span> <span class='ocrx_word' id='word_1_164' title='bbox 1672 1803 1688 1844; x_wconf 87' lang='lat'>?</span> 
     </span>
     <span class='ocr_line' id='line_1_25' title="bbox 361 1867 1687 1933; baseline -0.005 -16"><span class='ocrx_word' id='word_1_165' title='bbox 361 1885 441 1918; x_wconf 90' lang='lat' dir='ltr'>aut</span> <span class='ocrx_word' id='word_1_166' title='bbox 467 1870 617 1933; x_wconf 89' lang='lat' dir='ltr'>quid</span> <span class='ocrx_word' id='word_1_167' title='bbox 606 1887 698 1916; x_wconf 78' lang='lat' dir='ltr'>lam</span> <span class='ocrx_word' id='word_1_168' title='bbox 724 1870 867 1915; x_wconf 89' lang='lat' dir='ltr'>durae</span> <span class='ocrx_word' id='word_1_169' title='bbox 897 1881 1082 1931; x_wconf 87' lang='lat' dir='ltr'>superat</span> <span class='ocrx_word' id='word_1_170' title='bbox 1109 1868 1263 1914; x_wconf 86' lang='lat' dir='ltr'>mihi?</span> <span class='ocrx_word' id='word_1_171' title='bbox 1300 1884 1390 1930; x_wconf 89' lang='lat' dir='ltr'>qua</span> <span class='ocrx_word' id='word_1_172' title='bbox 1417 1867 1501 1912; x_wconf 92' lang='lat' dir='ltr'>tibi</span> <span class='ocrx_word' id='word_1_173' title='bbox 1529 1867 1687 1912; x_wconf 89' lang='lat' dir='ltr'>lucem</span> 
     </span>
     <span class='ocr_line' id='line_1_26' title="bbox 361 1934 1697 2008; baseline -0.004 -24"><span class='ocrx_word' id='word_1_174' title='bbox 361 1952 459 1984; x_wconf 90' lang='lat' dir='ltr'>arte</span> <span class='ocrx_word' id='word_1_175' title='bbox 487 1953 667 1983; x_wconf 89' lang='lat' dir='ltr'>morer.</span> <span class='ocrx_word' id='word_1_176' title='bbox 661 1941 673 1970; x_wconf 89' lang='grc' dir='ltr'>Ρ</span> <span class='ocrx_word' id='word_1_177' title='bbox 711 1934 840 1983; x_wconf 90' lang='lat' dir='ltr'>talin’</span> <span class='ocrx_word' id='word_1_178' title='bbox 868 1952 1058 1998; x_wconf 91' lang='lat' dir='ltr'>possum</span> <span class='ocrx_word' id='word_1_179' title='bbox 1084 1952 1159 1981; x_wconf 90' lang='lat' dir='ltr'>me</span> <span class='ocrx_word' id='word_1_180' title='bbox 1185 1950 1425 2008; x_wconf 80' lang='lat' dir='ltr'>opponere</span> <span class='ocrx_word' id='word_1_181' title='bbox 1453 1946 1691 1978; x_wconf 90' lang='lat' dir='ltr'>monstro</span> <span class='ocrx_word' id='word_1_182' title='bbox 1684 1936 1697 1967; x_wconf 90' lang='grc' dir='ltr'>Ρ</span> 
     </span>
     <span class='ocr_line' id='line_1_27' title="bbox 362 2000 1657 2065; baseline -0.004 -15"><span class='ocrx_word' id='word_1_183' title='bbox 362 2005 454 2050; x_wconf 92' lang='lat' dir='ltr'>iam</span> <span class='ocrx_word' id='word_1_184' title='bbox 481 2004 573 2050; x_wconf 90' lang='lat' dir='ltr'>iam</span> <span class='ocrx_word' id='word_1_185' title='bbox 599 2004 766 2065; x_wconf 90' lang='lat' dir='ltr'>linquo</span> <span class='ocrx_word' id='word_1_186' title='bbox 793 2002 929 2049; x_wconf 76' lang='lat' dir='ltr'>acieS.</span> <span class='ocrx_word' id='word_1_187' title='bbox 1002 2019 1060 2048; x_wconf 91' lang='lat' dir='ltr'>ne</span> <span class='ocrx_word' id='word_1_188' title='bbox 1088 2019 1162 2048; x_wconf 90' lang='lat' dir='ltr'>me</span> <span class='ocrx_word' id='word_1_189' title='bbox 1190 2014 1360 2048; x_wconf 89' lang='lat' dir='ltr'>terrete</span> <span class='ocrx_word' id='word_1_190' title='bbox 1389 2000 1657 2055; x_wconf 91' lang='lat' dir='ltr'>timentem,</span> 
     </span>
     <span class='ocr_line' id='line_1_28' title="bbox 362 2068 1462 2124; baseline -0.005 -7"><span class='ocrx_word' id='word_1_191' title='bbox 362 2071 590 2118; x_wconf 89' lang='lat' dir='ltr'>obscenae</span> <span class='ocrx_word' id='word_1_192' title='bbox 615 2071 864 2116; x_wconf 86' lang='lat' dir='ltr'>volucres·</span> <span class='ocrx_word' id='word_1_193' title='bbox 852 2105 866 2124; x_wconf 91' lang='lat'>‚</span> <span class='ocrx_word' id='word_1_194' title='bbox 902 2069 1080 2115; x_wconf 89' lang='lat' dir='ltr'>alarum</span> <span class='ocrx_word' id='word_1_195' title='bbox 1105 2068 1294 2114; x_wconf 86' lang='lat' dir='ltr'>verbera</span> <span class='ocrx_word' id='word_1_196' title='bbox 1320 2084 1462 2113; x_wconf 89' lang='lat' dir='ltr'>nosco</span> 
     </span>
     <span class='ocr_line' id='line_1_29' title="bbox 362 2133 1569 2199; baseline -0.005 -15"><span class='ocrx_word' id='word_1_197' title='bbox 362 2138 647 2199; x_wconf 88' lang='lat' dir='ltr'>letalemque</span> <span class='ocrx_word' id='word_1_198' title='bbox 675 2153 877 2190; x_wconf 87' lang='lat' dir='ltr'>sonum3</span> <span class='ocrx_word' id='word_1_199' title='bbox 915 2152 1001 2182; x_wconf 91' lang='lat' dir='ltr'>nec</span> <span class='ocrx_word' id='word_1_200' title='bbox 1030 2136 1202 2181; x_wconf 88' lang='lat' dir='ltr'>fallunt</span> <span class='ocrx_word' id='word_1_201' title='bbox 1227 2134 1345 2180; x_wconf 91' lang='lat' dir='ltr'>iussa</span> <span class='ocrx_word' id='word_1_202' title='bbox 1371 2133 1569 2195; x_wconf 87' lang='lat' dir='ltr'>superba</span> 
     </span>
     <span class='ocr_line' id='line_1_30' title="bbox 363 2199 1658 2265; baseline -0.005 -15"><span class='ocrx_word' id='word_1_203' title='bbox 363 2204 649 2265; x_wconf 88' lang='lat' dir='ltr'>magnanimi</span> <span class='ocrx_word' id='word_1_204' title='bbox 679 2203 817 2250; x_wconf 83' lang='lat' dir='ltr'>Iovis.</span> <span class='ocrx_word' id='word_1_205' title='bbox 889 2203 1005 2249; x_wconf 88' lang='lat' dir='ltr'>haec</span> <span class='ocrx_word' id='word_1_206' title='bbox 1031 2220 1116 2264; x_wconf 92' lang='lat' dir='ltr'>pro</span> <span class='ocrx_word' id='word_1_207' title='bbox 1141 2200 1409 2262; x_wconf 87' lang='lat' dir='ltr'>virginitate</span> <span class='ocrx_word' id='word_1_208' title='bbox 1435 2199 1658 2262; x_wconf 88' lang='lat' dir='ltr'>reponit?</span> 
     </span>
     <span class='ocr_line' id='line_1_31' title="bbox 363 2266 1732 2334; baseline -0.004 -17"><span class='ocrx_word' id='word_1_209' title='bbox 363 2288 458 2334; x_wconf 92' lang='lat' dir='ltr'>quo</span> <span class='ocrx_word' id='word_1_210' title='bbox 482 2271 627 2317; x_wconf 91' lang='lat' dir='ltr'>vitam</span> <span class='ocrx_word' id='word_1_211' title='bbox 654 2269 785 2316; x_wconf 90' lang='lat' dir='ltr'>dedit</span> <span class='ocrx_word' id='word_1_212' title='bbox 809 2282 1047 2315; x_wconf 89' lang='lat' dir='ltr'>aeternam</span> <span class='ocrx_word' id='word_1_213' title='bbox 1069 2273 1085 2315; x_wconf 85' lang='lat'>?</span> <span class='ocrx_word' id='word_1_214' title='bbox 1122 2285 1206 2315; x_wconf 90' lang='lat' dir='ltr'>cur</span> <span class='ocrx_word' id='word_1_215' title='bbox 1231 2267 1395 2314; x_wconf 88' lang='lat' dir='ltr'>mortis</span> <span class='ocrx_word' id='word_1_216' title='bbox 1419 2266 1638 2328; x_wconf 89' lang='lat' dir='ltr'>adempta</span> <span class='ocrx_word' id='word_1_217' title='bbox 1665 2278 1732 2311; x_wconf 91' lang='lat' dir='ltr'>est</span> 
     </span>
     <span class='ocr_line' id='line_1_32' title="bbox 364 2335 1866 2399; baseline -0.005 -16"><span class='ocrx_word' id='word_1_218' title='bbox 364 2337 621 2384; x_wconf 85' lang='lat' dir='ltr'>condicio?</span> <span class='ocrx_word' id='word_1_219' title='bbox 657 2353 841 2399; x_wconf 89' lang='lat' dir='ltr'>possem</span> <span class='ocrx_word' id='word_1_220' title='bbox 867 2349 1019 2382; x_wconf 90' lang='lat' dir='ltr'>tantos</span> <span class='ocrx_word' id='word_1_221' title='bbox 1045 2335 1181 2381; x_wconf 89' lang='lat' dir='ltr'>finire</span> <span class='ocrx_word' id='word_1_222' title='bbox 1207 2335 1387 2380; x_wconf 90' lang='lat' dir='ltr'>dolores</span> <span class='ocrx_word' id='word_1_223' title='bbox 1731 2346 1793 2377; x_wconf 83' lang='lat'>880</span> <span class='ocrx_word' id='word_1_224' title='bbox 1859 2344 1866 2388; x_wconf 56' lang='lat' dir='ltr'><em>g</em></span> 
     </span>
     <span class='ocr_line' id='line_1_33' title="bbox 365 2399 1706 2461; baseline -0.005 -11"><span class='ocrx_word' id='word_1_225' title='bbox 365 2420 494 2450; x_wconf 92' lang='lat' dir='ltr'>nunc</span> <span class='ocrx_word' id='word_1_226' title='bbox 522 2417 667 2459; x_wconf 89' lang='lat' dir='ltr'>certe,</span> <span class='ocrx_word' id='word_1_227' title='bbox 695 2416 740 2448; x_wconf 91' lang='lat' dir='ltr'>et</span> <span class='ocrx_word' id='word_1_228' title='bbox 766 2403 937 2448; x_wconf 87' lang='lat' dir='ltr'>misero</span> <span class='ocrx_word' id='word_1_229' title='bbox 964 2402 1091 2448; x_wconf 90' lang='lat' dir='ltr'>fratri</span> <span class='ocrx_word' id='word_1_230' title='bbox 1118 2418 1275 2448; x_wconf 90' lang='lat' dir='ltr'>comes</span> <span class='ocrx_word' id='word_1_231' title='bbox 1302 2400 1368 2445; x_wconf 91' lang='lat' dir='ltr'>ire</span> <span class='ocrx_word' id='word_1_232' title='bbox 1393 2416 1479 2461; x_wconf 92' lang='lat' dir='ltr'>per</span> <span class='ocrx_word' id='word_1_233' title='bbox 1505 2399 1706 2444; x_wconf 88' lang='lat' dir='ltr'>umbras.</span> 
     </span>
     <span class='ocr_line' id='line_1_34' title="bbox 364 2466 1722 2530; baseline -0.004 -14"><span class='ocrx_word' id='word_1_234' title='bbox 364 2469 625 2516; x_wconf 88' lang='lat' dir='ltr'>inmortalis</span> <span class='ocrx_word' id='word_1_235' title='bbox 653 2472 773 2529; x_wconf 85' lang='lat' dir='ltr'>ego?</span> <span class='ocrx_word' id='word_1_236' title='bbox 809 2482 889 2514; x_wconf 90' lang='lat' dir='ltr'>aut</span> <span class='ocrx_word' id='word_1_237' title='bbox 914 2468 1170 2530; x_wconf 91' lang='lat' dir='ltr'>quicquam</span> <span class='ocrx_word' id='word_1_238' title='bbox 1198 2466 1313 2512; x_wconf 92' lang='lat' dir='ltr'>mihi</span> <span class='ocrx_word' id='word_1_239' title='bbox 1341 2466 1482 2511; x_wconf 90' lang='lat' dir='ltr'>dulce</span> <span class='ocrx_word' id='word_1_240' title='bbox 1508 2481 1722 2511; x_wconf 91' lang='lat' dir='ltr'>meorum</span> 
     </span>
     <span class='ocr_line' id='line_1_35' title="bbox 367 2532 1618 2596; baseline -0.006 -12"><span class='ocrx_word' id='word_1_241' title='bbox 367 2552 410 2584; x_wconf 91' lang='lat' dir='ltr'>te</span> <span class='ocrx_word' id='word_1_242' title='bbox 437 2537 552 2594; x_wconf 91' lang='lat' dir='ltr'>sine,</span> <span class='ocrx_word' id='word_1_243' title='bbox 580 2536 737 2592; x_wconf 90' lang='lat' dir='ltr'>frater,</span> <span class='ocrx_word' id='word_1_244' title='bbox 765 2535 891 2581; x_wconf 85' lang='lat' dir='ltr'>erit?</span> <span class='ocrx_word' id='word_1_245' title='bbox 960 2551 988 2580; x_wconf 94' lang='lat' dir='ltr'>o</span> <span class='ocrx_word' id='word_1_246' title='bbox 1013 2550 1131 2596; x_wconf 90' lang='lat' dir='ltr'>quae</span> <span class='ocrx_word' id='word_1_247' title='bbox 1157 2533 1261 2579; x_wconf 87' lang='lat' dir='ltr'>satis</span> <span class='ocrx_word' id='word_1_248' title='bbox 1288 2532 1381 2578; x_wconf 92' lang='lat' dir='ltr'>ima</span> <span class='ocrx_word' id='word_1_249' title='bbox 1406 2532 1618 2578; x_wconf 89' lang='lat' dir='ltr'>dehiscat</span> 
     </span>
     <span class='ocr_line' id='line_1_36' title="bbox 367 2596 1617 2664; baseline -0.005 -14"><span class='ocrx_word' id='word_1_250' title='bbox 367 2618 487 2650; x_wconf 91' lang='lat' dir='ltr'>terra</span> <span class='ocrx_word' id='word_1_251' title='bbox 513 2602 631 2649; x_wconf 89' lang='lat' dir='ltr'>mihi</span> <span class='ocrx_word' id='word_1_252' title='bbox 662 2602 928 2664; x_wconf 89' lang='lat' dir='ltr'>Manesque</span> <span class='ocrx_word' id='word_1_253' title='bbox 954 2601 1090 2647; x_wconf 90' lang='lat' dir='ltr'>deam</span> <span class='ocrx_word' id='word_1_254' title='bbox 1115 2599 1331 2646; x_wconf 88' lang='lat' dir='ltr'>demittat</span> <span class='ocrx_word' id='word_1_255' title='bbox 1356 2599 1412 2644; x_wconf 94' lang='lat' dir='ltr'>ad</span> <span class='ocrx_word' id='word_1_256' title='bbox 1438 2599 1555 2644; x_wconf 91' lang='lat' dir='ltr'>imos</span> <span class='ocrx_word' id='word_1_257' title='bbox 1576 2598 1586 2645; x_wconf 88' lang='lat'>!</span> <span class='ocrx_word' id='word_1_258' title='bbox 1605 2596 1617 2616; x_wconf 90' lang='lat'>&#39;</span> 
     </span>
     <span class='ocr_line' id='line_1_37' title="bbox 367 2665 1533 2730; baseline -0.004 -14"><span class='ocrx_word' id='word_1_259' title='bbox 367 2683 552 2716; x_wconf 88' lang='lat' dir='ltr'>tantum</span> <span class='ocrx_word' id='word_1_260' title='bbox 580 2669 716 2715; x_wconf 87' lang='lat' dir='ltr'>effata</span> <span class='ocrx_word' id='word_1_261' title='bbox 742 2681 884 2730; x_wconf 92' lang='lat' dir='ltr'>caput</span> <span class='ocrx_word' id='word_1_262' title='bbox 907 2667 1074 2727; x_wconf 89' lang='lat' dir='ltr'>glauco</span> <span class='ocrx_word' id='word_1_263' title='bbox 1100 2666 1315 2713; x_wconf 87' lang='lat' dir='ltr'>contexit</span> <span class='ocrx_word' id='word_1_264' title='bbox 1339 2665 1533 2722; x_wconf 88' lang='lat' dir='ltr'>amictu,</span> 
     </span>
     <span class='ocr_line' id='line_1_38' title="bbox 366 2732 1546 2797; baseline -0.003 -13"><span class='ocrx_word' id='word_1_265' title='bbox 366 2737 516 2784; x_wconf 90' lang='lat' dir='ltr'>multa</span> <span class='ocrx_word' id='word_1_266' title='bbox 541 2753 747 2797; x_wconf 83' lang='lat' dir='ltr'>gemens,</span> <span class='ocrx_word' id='word_1_267' title='bbox 775 2748 822 2782; x_wconf 88' lang='lat' dir='ltr'>et</span> <span class='ocrx_word' id='word_1_268' title='bbox 848 2751 893 2781; x_wconf 89' lang='lat' dir='ltr'>se</span> <span class='ocrx_word' id='word_1_269' title='bbox 919 2733 1062 2781; x_wconf 85' lang='lat' dir='ltr'>fluvio</span> <span class='ocrx_word' id='word_1_270' title='bbox 1087 2733 1172 2780; x_wconf 91' lang='lat' dir='ltr'>dea</span> <span class='ocrx_word' id='word_1_271' title='bbox 1198 2732 1410 2780; x_wconf 90' lang='lat' dir='ltr'>condidit</span> <span class='ocrx_word' id='word_1_272' title='bbox 1434 2732 1546 2780; x_wconf 75' lang='lat' dir='ltr'>alto,</span> 
     </span>
    </p>
   </div>
   <div class='ocr_carea' id='block_1_3' title="bbox 1828 2397 1866 3208">
    <p class='ocr_par' dir='ltr' id='par_1_4' title="bbox 1828 2397 1866 3208">
     <span class='ocr_line' id='line_1_39' title="bbox 1828 2397 1866 3208; baseline 0 0"><span class='ocrx_word' id='word_1_273' title='bbox 1828 2397 1866 3208; x_wconf 95' lang='lat' dir='ltr'> </span> 
     </span>
    </p>
   </div>
  </div>
 </body>
</html>
