1866 3208
227 199 301 248 362
670 199 712 236 P.
743 198 976 235 VERGILI
1006 198 1262 236 MARONIS

291 308 379 353 hoc
406 306 588 362 VenUS,
613 305 810 351 obscuro
835 304 1004 350 faciem
1030 304 1314 351 circumdata
1340 305 1520 363 nimbo,

290 373 462 419 detulit
483 392 497 426 ;
533 374 621 418 hoc
648 371 805 416 fusum
831 370 970 416 labris
995 371 1349 433 splendentibus
1374 388 1561 419 amnem

290 439 459 494 inficit,
484 437 672 484 occulte
697 436 953 494 medicans,
981 438 1243 500 spargitque
1268 437 1472 485 salubres

289 505 542 552 ambrosiae
568 520 701 549 sucos
728 516 774 550 et
798 502 1076 554 odoriferam
1101 520 1370 567 panaceam.

290 572 407 618 fovit
434 587 485 616 ea
509 570 681 616 vulnus
708 570 901 631 lympha
928 570 1174 631 longaevus
1200 571 1323 633 Iapis
1648 597 1710 626 420

289 639 521 699 ignorans,
548 636 798 698 subitoque
824 636 976 682 omnis
1002 637 1059 684 de
1084 654 1275 700 corpore
1301 637 1422 698 fugit

289 704 466 767 quippe
493 704 642 760 dolor,
668 702 820 749 omnis
847 703 976 750 stetit
1001 703 1096 750 imo
1119 705 1313 751 vulnere
1339 703 1537 764 sanguis.

289 772 476 833 iamque
501 783 659 816 secuta
685 786 897 826 manum,
921 771 1057 818 nullo
1081 785 1296 832 cogente,
1323 771 1485 831 sagitta

290 837 484 893 excidit,
509 850 822 899 atquenovae
849 836 1028 883 rediere
1054 837 1103 883 in
1129 838 1323 899 pristina
1346 837 1484 884 vires·

259 912 271 930 ‘
288 921 413 950 arma
438 903 521 950 citi
548 916 793 965 properate
819 903 918 949 viro
941 903 949 950 !
990 904 1104 966 quid
1129 905 1254 951 statis
1275 907 1291 950 ?
1310 904 1320 924 '
1358 904 1483 966 Iapis

289 971 566 1025 conclamat,
593 970 868 1032 primusque
893 969 1071 1016 animos
1097 971 1315 1018 accendit
1340 971 1390 1017 in
1416 973 1609 1018 hostem.

257 1044 269 1063 ‘
290 1055 385 1083 non
411 1039 526 1083 haec
554 1036 771 1082 humanis
796 1036 978 1098 opibus,
1005 1054 1100 1083 non
1128 1051 1222 1084 arte
1249 1038 1463 1098 magistra

289 1103 593 1167 proveniunt,
620 1119 774 1166 neque
803 1116 865 1160 te,
889 1103 1069 1161 Aenea,
1095 1120 1195 1150 mea
1221 1105 1410 1151 dextera
1436 1116 1584 1151 servat
1606 1124 1620 1157 3

291 1170 436 1216 maior
460 1170 555 1230 agit
580 1170 693 1216 deus
718 1182 858 1232 atque
885 1187 1023 1232 opera
1048 1171 1105 1218 ad
1130 1171 1301 1217 maiora
1326 1170 1557 1218 remittit?

290 1238 371 1283 ille
397 1237 556 1283 avidus
581 1253 764 1298 pugnae
791 1254 915 1282 suras
940 1237 1194 1285 incluserat
1220 1254 1329 1284 auro
1653 1261 1714 1291 430

289 1304 403 1350 hine
427 1316 566 1366 atque
591 1304 721 1360 hinc,
748 1303 943 1365 oditque
970 1320 1133 1361 moras,
1159 1305 1431 1366 hastamque
1457 1316 1684 1350 coruscat.

290 1383 535 1432 postquam
561 1370 729 1416 habilis
754 1370 885 1416 lateri
913 1370 1092 1432 clipeus
1120 1370 1356 1433 loricaque
1383 1382 1510 1430 tergo
1535 1382 1615 1427 est,

289 1437 545 1484 Ascanium
572 1437 684 1483 fusis
711 1437 891 1483 circum
918 1437 1252 1498 complectitur
1276 1437 1432 1493 armis,

291 1520 567 1566 summaque
594 1521 676 1566 per
701 1504 880 1565 galeam
906 1503 1117 1549 delibans
1143 1504 1302 1550 oscula
1327 1504 1448 1550 fatur
1471 1522 1482 1550 ε

259 1577 269 1595 ‘
291 1571 431 1627 disce,
460 1587 591 1632 puer,
618 1571 842 1617 virtutem
871 1587 928 1616 ex
956 1587 1030 1616 me
1056 1587 1313 1633 verumque
1340 1570 1562 1626 laborem,

293 1637 530 1683 fortunam
555 1654 611 1683 ex
637 1637 755 1684 aliis.
827 1654 954 1683 nunc
984 1650 1029 1683 te
1056 1654 1158 1684 mea
1183 1637 1373 1685 dextera
1398 1637 1526 1683 bello

290 1704 539 1750 defensum
565 1704 692 1750 dabit
719 1717 765 1750 et
790 1720 955 1764 magna
981 1703 1103 1750 inter
1129 1703 1332 1765 praemia
1357 1704 1501 1750 ducet
1525 1721 1536 1749 ε

294 1784 343 1817 tu
371 1770 526 1825 facito,
554 1787 662 1815 mox
689 1787 798 1816 cum
826 1783 1007 1816 matura
1032 1770 1291 1816 adoleverit
1315 1783 1452 1826 aetas,

293 1837 351 1883 sis
376 1853 569 1892 memor,
596 1849 641 1882 et
668 1850 713 1882 te
739 1836 897 1882 animo
922 1849 1215 1898 repetentem
1241 1837 1456 1898 exempla
1480 1849 1669 1882 tuorum

294 1917 339 1950 et
365 1916 494 1965 pater
517 1903 702 1948 Aeneas
728 1915 774 1948 et
801 1903 1059 1949 avunculus
1087 1902 1262 1950 excitet
1289 1901 1502 1949 Hector.’
1654 1927 1716 1956 440

359 1971 473 2016 haec
501 1969 581 2015 ubi
608 1969 733 2015 dicta
758 1969 901 2026 dedit,
928 1969 1074 2031 portis
1100 1986 1194 2015 sese
1221 1969 1392 2015 extulit
1417 1968 1598 2028 ingens,

295 2036 444 2083 telum
470 2036 660 2082 inmane
688 2052 829 2081 manu
857 2035 1071 2098 quatiens
1094 2056 1108 2091 ;
1145 2035 1282 2081 simul
1309 2035 1495 2095 agmine
1520 2035 1666 2081 denso

293 2104 605 2165 Antheusque
634 2103 1012 2164 Mnestheusque
1038 2114 1199 2159 ruunt,
1224 2102 1472 2164 omnisque
1496 2101 1672 2148 relictis

296 2170 427 2216 turba
453 2169 559 2216 fluit
585 2169 758 2216 castris·
830 2182 931 2215 tum
957 2185 1098 2215 caeco
1123 2169 1314 2231 pulvere
1340 2185 1531 2230 campus

295 2237 533 2292 miscetur,
559 2236 794 2298 pulsuque
819 2235 996 2297 pedum
1024 2235 1186 2282 tremit
1212 2235 1364 2282 excita
1390 2235 1545 2282 tellus.

293 2303 412 2348 vidit
437 2303 493 2348 ab
518 2303 708 2348 adverso
732 2302 975 2348 venientes
1002 2318 1164 2362 aggere
1190 2302 1399 2358 Turnus,

294 2369 452 2414 videre
475 2369 692 2426 Ausonii,
717 2368 994 2430 gelidusque
1018 2385 1100 2430 per
1126 2368 1218 2414 ima
1244 2366 1453 2414 cucurrit

296 2453 392 2482 ossa
418 2449 590 2481 tremor
611 2454 625 2490 ;
661 2435 811 2496 prima
835 2447 944 2480 ante
969 2450 1130 2480 omnes
1157 2435 1355 2480 Iuturna
1379 2433 1572 2480 Latinos

297 2501 445 2548 audiit
471 2500 783 2562 adgnovitque
810 2517 991 2555 sonum,
1019 2513 1065 2546 et
1091 2500 1361 2547 tremefacta
1386 2499 1572 2560 refugit.

297 2569 379 2614 ille
403 2567 544 2623 volat,
568 2583 827 2629 campoque
854 2579 1006 2613 atrum
1031 2567 1151 2628 rapit
1176 2583 1341 2627 agmen
1366 2579 1541 2629 aperto.
1653 2589 1716 2620 450

297 2634 446 2697 qualis
473 2633 552 2680 ubi
577 2633 633 2679 ad
660 2646 796 2679 terras
820 2633 1018 2695 abrupto
1042 2633 1189 2679 sidere
1217 2633 1404 2680 nimbus

681 2721 759 2757 422
788 2709 866 2747 imo
886 2710 939 2747 in.
1109 2710 1186 2758 446
1217 2711 1377 2757 agmine.
