1861 3256
587 269 918 308 GEORGICON
947 271 1051 309 LIB.
1079 271 1101 308 I
1543 284 1593 321 41

164 394 271 439 ergo
297 377 422 424 inter
446 394 543 423 sese
567 376 758 439 paribus
784 394 1065 425 concurrere
1091 378 1198 425 telis

163 445 400 491 Romanas
427 444 548 491 acies
575 444 751 490 iterum
775 444 934 491 videre
963 445 1173 508 Philippi
1197 467 1211 503 3
1536 470 1599 501 490

100 536 109 548 2
162 529 251 558 nec
277 513 369 558 fuit
395 511 647 572 indignum
673 511 866 573 superis,
894 512 963 558 bis
991 514 1219 573 sanguine
1245 525 1406 559 nostro

161 579 432 625 Emathiam
460 591 506 624 et
531 579 647 624 latos
674 579 854 624 Haemi
880 579 1188 640 pinguescere
1216 590 1423 643 campos·

162 646 347 692 scilicet
374 659 420 692 et
447 659 633 708 tempus
660 645 838 703 veniet,
866 663 976 692 cum
1004 645 1176 692 finibus
1203 647 1297 693 illis

161 713 364 773 agricola
390 713 589 759 incurvo
616 726 788 758 terram
814 712 1009 759 molitus
1036 727 1186 760 aratro

161 796 299 826 exesa
324 780 540 827 inveniet
565 780 725 826 scabra
749 780 964 840 robigine
990 780 1102 842 pila,

160 861 241 893 aut
266 848 482 907 gravibus
508 847 662 893 rastris
689 847 841 907 galeas
866 847 1076 909 pulsabit
1102 848 1284 907 inanes,

158 914 449 976 grandiaque
476 914 651 960 effossis
678 914 931 960 mirabitur
957 932 1057 960 ossa
1083 916 1359 977 sepulchris,

159 981 206 1026 di
230 981 389 1043 patrii,
417 981 675 1042 Indigetes,
698 994 745 1027 et
771 981 979 1027 Romule
1005 982 1249 1045 Vestaque
1274 996 1439 1039 mater,

158 1065 281 1110 quae
309 1048 527 1094 Tuscum
555 1048 777 1094 Tiberim
805 1060 851 1094 et
879 1048 1096 1095 Romana
1124 1049 1304 1095 Palatia
1329 1066 1496 1106 servaS‚

155 1117 286 1161 hunc
313 1115 480 1161 saltem
507 1132 667 1161 everso
693 1115 918 1161 iuvenem
945 1133 1215 1162 succurrere
1242 1116 1394 1162 saeclo
1539 1138 1601 1169 500

156 1199 218 1228 ne
243 1182 511 1244 prohibete.
584 1183 690 1228 satis
716 1183 810 1228 iam
836 1182 1021 1244 pridem
1049 1183 1278 1243 sanguine
1304 1195 1466 1229 nostro

156 1249 544 1296 Laomedonteae
571 1250 745 1295 luimus
771 1250 977 1312 periuria
1004 1250 1198 1308 Troiae,

156 1316 251 1362 iam
276 1312 461 1378 pridein
488 1317 624 1362 nobis
653 1317 772 1363 caeli
801 1330 846 1363 te
874 1317 1014 1377 regia,
1045 1317 1234 1375 Caesar,

157 1383 358 1441 invidet,
387 1397 530 1446 atque
557 1384 810 1430 hominum
838 1384 1055 1446 queritur
1082 1401 1246 1431 curare
1273 1384 1557 1446 triumphos,

156 1450 335 1536 quippe
380 1451 461 1496 ubi
505 1451 573 1496 fas
611 1468 798 1497 versum
838 1464 980 1514 atque
1021 1451 1153 1498 nefas
1177 1472 1190 1508 3
1235 1464 1306 1498 tot
1347 1451 1473 1497 bella
1514 1467 1600 1513 per

291 1518 472 1575 orbem,
1327 1532 1333 1537 ·

157 1597 253 1630 tam
280 1585 461 1631 multae
487 1585 720 1631 scelerum
747 1585 891 1632 facies
915 1606 929 1643 ;
969 1603 1066 1631 non
1095 1587 1221 1631 ullus
1249 1599 1400 1631 aratro

156 1651 326 1712 dignus
352 1653 501 1697 honos
524 1673 547 1708 3,
577 1653 795 1715 squalent
822 1653 1039 1698 abductis
1067 1670 1173 1698 arva
1200 1652 1398 1709 colonis,

156 1732 203 1764 et
231 1735 401 1764 curvae
428 1719 635 1779 rigidum
661 1719 806 1764 falces
835 1718 1108 1765 conflantur
1133 1719 1183 1765 in
1211 1736 1389 1765 ensem.

154 1785 269 1831 hinc
295 1799 458 1832 movet
486 1786 762 1848 Euphrates,
791 1785 929 1832 illinc
959 1787 1222 1833 Germania
1250 1786 1467 1843 bellum;

154 1852 340 1898 vicinae
367 1853 516 1914 ruptis
542 1852 670 1898 inter
696 1870 740 1899 se
767 1853 950 1913 legibus
978 1853 1114 1899 urbes
1540 1876 1601 1907 510

155 1936 281 1966 arma
308 1920 468 1966 ferunt
491 1940 504 1976 ;
542 1919 691 1966 saevit
717 1933 817 1966 toto
846 1921 976 1966 Mars
1004 1920 1164 1983 inpius
1191 1921 1304 1967 orbe
1330 1939 1340 1967 ε

154 2000 206 2032 ut
233 2003 343 2033 cum
370 1986 637 2034 carceribus
664 2004 762 2033 sese
790 1987 1000 2033 effudere
1027 1988 1301 2050 quadrigae,

154 2054 340 2100 addunt
365 2054 416 2099 in
443 2054 606 2116 spatia,
636 2066 683 2099 et
708 2054 878 2100 frustra
904 2055 1173 2101 retinacula
1200 2055 1401 2102 tendens

154 2120 304 2167 fertur
330 2120 463 2183 equis
490 2121 663 2181 auriga,
691 2137 847 2183 neque
875 2121 1005 2168 audit
1033 2138 1196 2168 currus
1223 2123 1450 2169 habenas.

280 2242 355 2280 491
390 2229 527 2280 superi.
640 2238 715 2280 513
746 2231 890 2268 addunt
910 2231 1056 2282 spatia,
1113 2232 1256 2269 addunt
1272 2232 1407 2282 spatie.
