1861 3256
295 255 346 293 24
741 246 784 283 P.
814 244 1045 283 VERGILI
1076 245 1333 284 MARONIS

362 364 548 408 astrum,
575 370 668 416 quo
693 365 866 413 segetes
890 354 1146 413 gauderent
1170 353 1381 414 frugibus
1407 366 1452 400 et
1476 371 1569 416 quo

358 418 553 465 duceret
577 418 742 481 apricis
766 419 815 464 in
842 419 1039 467 collibus
1065 437 1154 466 uva
1178 420 1400 467 colorem.

358 484 524 541 insere,
550 484 759 546 Daphni,
782 484 905 547 piros
927 506 941 542 ;
977 500 1171 549 carpent
1196 500 1274 534 tua
1298 504 1436 549 poma
1460 487 1684 549 nepotes?
1738 512 1779 541 50

357 551 515 598 omnia
539 552 629 597 fert
655 564 790 608 actae,
817 551 1030 600 animum
1056 570 1241 617 quoque
1264 573 1277 609 ;
1315 569 1448 616 saepe
1474 569 1560 614 ego
1584 554 1747 614 longos

357 618 588 664 cantando
613 634 814 679 puerum
839 619 1035 665 memini
1062 637 1136 666 me
1163 620 1363 666 condere
1387 620 1504 665 soles
1528 638 1538 665 :

358 701 485 730 nunc
512 683 659 729 oblita
683 684 800 730 mihi
827 697 896 732 tot
921 687 1128 732 carmina
1152 707 1164 743 ;
1202 703 1293 732 vox
1318 703 1505 749 quoque
1533 686 1741 732 Moerim

356 750 449 796 iam
474 749 594 810 fugit
619 749 716 812 ipsa
741 771 755 807 ;
790 750 892 814 lupi
921 752 1127 798 Moerim
1153 752 1312 798 videre
1336 752 1526 814 priores.

356 816 435 863 sed
461 829 617 862 tamen
644 816 730 863 ista
753 817 858 864 satis
882 818 1054 866 referet
1081 819 1164 865 tibi
1191 835 1325 881 saepe
1354 819 1614 866 Menalcas,
1851 755 1861 886 ³

427 883 482 929 L.
519 884 752 931 causando
777 898 952 931 nostros
978 884 1027 931 in
1053 886 1248 946 longum
1274 885 1405 931 ducis
1430 902 1621 932 amores.

357 962 403 996 et
428 966 557 996 nunc
583 967 724 997 omne
750 951 834 996 tibi
861 965 1056 998 stratum
1082 952 1187 998 silet
1212 969 1400 1014 aequor,
1426 966 1471 998 et
1497 968 1675 1007 omnes,
1850 889 1861 1063 l

355 1016 524 1078 aspice,
552 1017 733 1063 ventosi
760 1018 1036 1065 ceciderunt
1060 1019 1312 1065 murmuris
1340 1035 1490 1065 aurae.

353 1083 467 1129 hinc
495 1083 608 1129 adeo
633 1083 787 1130 media
813 1097 880 1130 est
906 1085 1037 1131 nobis
1064 1085 1136 1131 via
1163 1105 1175 1141 3
1212 1102 1414 1148 namque
1441 1085 1744 1146 sepulchrum
1849 1090 1861 1168 1

354 1149 524 1211 incipit
550 1167 768 1213 apparere
795 1150 1007 1197 Bianoris
1031 1170 1041 1198 z
1077 1151 1171 1207 hic,
1200 1152 1280 1198 ubi
1306 1153 1468 1198 densas
1739 1165 1780 1196 60
1851 1169 1861 1227 ἑ

353 1217 581 1276 agricolae
608 1217 844 1277 stringunt
869 1217 1073 1274 frondes,
1098 1218 1190 1274 hic,
1221 1219 1396 1275 Moeri,
1422 1235 1640 1264 canamus
1663 1238 1677 1274 3
1856 1231 1861 1275 1

352 1283 431 1329 hic
457 1283 625 1329 haedos
652 1284 853 1345 depone,
881 1296 1038 1330 tamen
1065 1284 1309 1331 veniemus
1333 1285 1381 1330 in
1409 1285 1589 1332 urbem.
1852 1277 1861 1296 “

353 1362 432 1395 aut
458 1350 508 1405 si,
537 1367 630 1395 nox
656 1350 866 1411 pluviam
895 1367 954 1396 ne
981 1351 1172 1411 colligat
1197 1364 1321 1407 ante,
1346 1367 1578 1407 veremur,

353 1428 595 1462 cantantes
622 1416 736 1463 licet
763 1417 1133 1480 usque—minus
1158 1417 1232 1462 via
1257 1417 1626 1463 laedit—eamus
1650 1437 1663 1472 ;

353 1496 592 1529 cantantes
620 1496 672 1529 ut
697 1500 871 1540 eamus,
898 1500 982 1543 ego
1008 1485 1097 1529 hoc
1126 1496 1171 1529 te
1198 1483 1318 1529 fasce
1345 1484 1526 1530 levabo.

425 1550 496 1596 M.
535 1549 696 1596 desine
713 1550 861 1612 plura,
875 1567 1007 1612 puer,
1020 1563 1065 1596 et
1082 1550 1206 1612 quod
1222 1567 1351 1596 nunc
1370 1550 1512 1597 instat
1528 1566 1713 1610 agamus
1733 1568 1743 1596 ε

352 1615 557 1662 carmina
584 1629 686 1663 tum
713 1616 897 1672 melius,
925 1633 1036 1663 curn
1061 1616 1244 1664 venerit
1268 1616 1382 1679 ipse,
1409 1633 1645 1664 canemus·

854 1808 1131 1855 ECLOGA
1171 1809 1213 1854 X

923 1918 1139 1956 GALLUS

352 2014 634 2060 EXTREMUM
661 2015 808 2071 hunc,
833 2015 1081 2071 Arethusa,
1107 2014 1223 2060 mihi
1250 2014 1459 2060 concede
1485 2014 1708 2062 laborem.

350 2097 500 2142 pauca
526 2097 633 2127 meo
661 2081 818 2137 Gallo,
848 2081 927 2127 sed
951 2098 1068 2144 quae
1095 2081 1217 2141 legat
1241 2081 1339 2142 ipsa
1364 2080 1572 2141 Lycoris,

350 2147 558 2193 carmina
583 2161 692 2194 sunt
717 2148 917 2194 dicenda
941 2166 951 2194 ε
989 2161 1130 2208 neget
1155 2147 1257 2210 quis
1283 2147 1490 2193 carmina
1516 2147 1694 2194 Gallo?

350 2214 412 2259 sic
441 2214 543 2271 tibi,
570 2231 679 2260 cum
705 2213 877 2261 fluctus
903 2214 1221 2260 subterlabere
1250 2214 1453 2270 Sicanos,

349 2280 490 2326 Doris
516 2297 667 2326 amara
693 2298 823 2327 suam
849 2298 945 2327 non
973 2281 1294 2328 intermisceat
1319 2281 1507 2336 undam,

348 2346 508 2408 incipe
532 2368 545 2403 ;
583 2348 807 2394 sollicitos
835 2347 965 2394 Galli
992 2348 1202 2394 dicamus
1229 2364 1420 2402 amores,

348 2412 461 2459 dum
489 2426 647 2459 tenera
674 2415 921 2461 attondent
947 2414 1087 2460 simae
1115 2414 1315 2474 virgulta
1340 2413 1565 2475 capellae.

349 2495 444 2525 non
472 2480 684 2526 canimus
710 2481 859 2526 surdis
880 2500 895 2535 3
931 2481 1216 2543 respondent
1240 2480 1398 2525 omnia
1423 2479 1579 2526 silvae.

416 2563 533 2609 quae
559 2563 751 2593 nemora
776 2560 855 2593 aut
881 2547 961 2609 qui
988 2564 1066 2592 vos
1093 2547 1232 2592 saltus
1256 2546 1477 2602 habuere,
1503 2546 1688 2608 puellae

349 2612 545 2669 Naides,
571 2612 766 2673 indigno
793 2629 903 2659 cum
931 2613 1099 2659 Gallus
1126 2629 1278 2658 amore
1304 2613 1521 2674 peribat?
1739 2637 1778 2658 10

350 2696 459 2726 nam
486 2696 641 2743 neque
669 2679 853 2726 Parnasi
880 2679 1008 2725 vobis
1034 2679 1157 2740 iuga,
1183 2696 1291 2724 nam
1316 2696 1471 2742 neque
1499 2679 1636 2726 Pindi

352 2746 446 2792 ulla
471 2762 649 2793 moram
675 2746 843 2802 fecere,
872 2763 1024 2809 neque
1049 2745 1206 2792 Aonie
1232 2746 1497 2808 Aganippe.
