1861 3256
239 221 314 246 110
686 207 729 244 P.
759 205 992 243 VERGILI
1023 206 1279 245 MARONIS

303 314 522 360 omnibus
549 315 793 360 exhaustos
819 311 910 358 iam
936 312 1130 370 casibUS‚
1157 313 1372 359 omnium
1397 328 1564 373 egenos

305 381 417 427 urbe
442 381 583 426 domo
607 378 764 434 socias,
790 391 937 437 grates
962 380 1223 441 persolvere
1249 380 1408 440 dignas
1663 395 1727 428 600

305 463 401 493 non
427 446 524 507 opis
551 459 618 491 est
643 456 840 501 nostrae,
867 444 1008 501 Dido,
1036 462 1123 492 nec
1149 446 1379 509 quidquid
1404 445 1578 507 ubique

439 525 506 558 est

303 578 452 639 gentis
477 576 758 633 Dardaniae,
785 593 1007 638 magnum
1033 595 1149 641 quae
1175 595 1323 640 sparsa
1346 594 1429 640 per
1453 577 1630 625 orbem.

303 645 347 691 di
376 643 475 698 tibi,
504 643 538 688 si
564 659 654 706 qua
679 642 776 704 pios
801 658 1061 706 respectant
1086 645 1296 701 numina,
1323 644 1358 689 si
1384 643 1498 707 quid

305 726 498 773 usquam
525 709 727 755 iustitiae
753 723 835 766 est,
864 723 910 756 et
935 727 1066 757 mens
1092 711 1176 757 sibi
1203 710 1390 757 conscia
1413 709 1530 756 recti

301 776 506 839 praemia
531 775 671 837 digna
695 775 863 823 ferant.
933 794 1049 840 quae
1075 791 1119 824 te
1144 789 1240 824 tam
1266 777 1384 823 laeta
1408 777 1620 823 tulerunt

301 843 520 889 saecula?
589 841 668 905 qui
695 842 812 889 tanti
839 843 979 889 talem
1004 860 1207 904 genuere
1232 847 1481 906 parentes?

301 909 351 955 in
379 909 497 955 freta
522 908 637 955 dum
663 907 794 955 fluvii
823 923 1033 966 current,
1058 910 1172 957 dum
1197 910 1435 956 montibus
1461 909 1652 956 umbrae

301 975 564 1022 lustrabunt
591 991 813 1031 convexa,
840 976 974 1038 polus
999 976 1113 1023 dum
1139 977 1284 1023 sidera
1307 990 1481 1039 pascet,

302 1059 484 1104 semper
508 1043 656 1087 honos
683 1057 951 1105 nomenque
977 1056 1112 1090 tuum
1138 1043 1390 1106 laudesque
1417 1042 1690 1098 manebunt,

301 1126 419 1172 quae
446 1124 520 1154 me
547 1124 752 1170 cumque
778 1122 946 1155 vocant
972 1108 1146 1156 terrae.’
1217 1109 1278 1156 sic
1305 1109 1425 1156 fatus
1446 1109 1651 1156 amicum
1684 1106 1687 1109 ’

301 1175 481 1221 Ilionea
506 1174 623 1236 petit
648 1175 825 1231 dextra,
851 1175 1072 1239 laevaque
1099 1177 1350 1232 Serestum,
1664 1191 1722 1221 611

299 1255 401 1304 post
428 1241 554 1298 alios,
581 1241 841 1304 fortemque
869 1241 1008 1303 Gyan
1035 1243 1299 1305 fortemque
1326 1242 1634 1290 Cloanthum.

369 1307 595 1370 obstipuit
621 1307 773 1369 primo
799 1324 987 1370 aspectu
1016 1308 1206 1355 Sidonia
1230 1308 1371 1365 Dido,

300 1391 407 1421 casu
433 1374 604 1420 deinde
630 1374 714 1419 viri
741 1387 885 1431 tanto,
911 1388 958 1421 et
982 1375 1046 1421 sic
1073 1392 1150 1421 ore
1176 1375 1333 1421 locuta
1357 1388 1424 1421 est
1448 1393 1457 1422 :

267 1446 280 1466 ‘
301 1441 401 1504 quis
428 1454 489 1497 te,
515 1455 621 1487 nate
648 1441 745 1498 dea,
773 1458 856 1504 per
881 1455 1009 1488 tanta
1035 1441 1244 1503 pericula
1268 1458 1397 1488 casus

300 1507 596 1571 insequitur?
665 1525 781 1571 quae
808 1508 874 1554 vis
901 1508 1168 1554 inmanibus
1193 1508 1397 1570 applicat
1422 1507 1509 1554 oris
1530 1511 1547 1554 ?

300 1589 413 1620 tune
439 1574 519 1620 ille
544 1575 742 1631 Aeneas,
771 1592 913 1637 quem
939 1574 1177 1621 Dardanio
1200 1574 1435 1621 Anchisae

300 1641 421 1686 alma
445 1641 609 1686 Venus
639 1641 826 1702 Phrygii
853 1641 1017 1702 genuit
1046 1641 1295 1688 Simoentis
1321 1641 1378 1687 ad
1405 1641 1614 1687 undam?

299 1720 435 1769 atque
462 1707 681 1770 equidem
707 1708 954 1754 Teucrum
979 1707 1174 1753 memini
1203 1707 1375 1753 Sidona
1398 1707 1559 1754 venire

299 1773 470 1819 finibus
497 1774 746 1835 expulsum
772 1773 945 1836 patriis,
974 1790 1094 1820 nova
1118 1790 1260 1834 regna
1285 1787 1526 1836 petentem
1662 1789 1726 1820 620

299 1839 475 1886 auxilio
503 1840 606 1886 Beli
629 1860 643 1896 ;
678 1840 861 1901 genitor
887 1854 989 1886 tum
1016 1840 1157 1886 Belus
1183 1840 1389 1903 opimam

298 1907 502 1953 vastabat
529 1906 743 1969 Cyprum
769 1920 814 1953 et
840 1907 988 1954 victor
1012 1907 1199 1953 dicione
1224 1907 1429 1954 tenebat.

299 1986 507 2035 tempore
534 1973 625 2019 iam
652 1990 707 2019 ex
734 1974 817 2020 illo
843 1991 972 2020 casus
998 1973 1113 2020 mihi
1141 1974 1353 2034 cognitus
1381 1973 1505 2020 urbis

298 2040 532 2085 Troianae
560 2056 828 2103 nomenque
855 2054 989 2086 tuum
1016 2056 1234 2102 regesque
1263 2040 1455 2101 Pelasgi.

298 2106 394 2168 ipse
421 2106 562 2152 hostis
588 2107 802 2153 Teucros
828 2106 999 2167 insigni
1027 2107 1163 2153 laude
1189 2107 1382 2164 ferebat,

299 2190 438 2236 seque
463 2187 619 2220 ortum
645 2173 834 2236 antiqua
860 2174 1162 2220 Teucrorum
1187 2191 1211 2219 a
1235 2173 1375 2236 stirpe
1401 2173 1599 2220 volebat.

299 2256 438 2302 quare
465 2240 584 2300 agite
610 2257 638 2286 o
664 2240 812 2295 tectis,
841 2240 1048 2296 iuvenes,
1077 2240 1315 2287 succedite
1342 2240 1520 2286 nostris.

299 2323 374 2352 me
401 2324 584 2369 quoque
610 2323 692 2368 per
717 2307 889 2353 multos
916 2307 1078 2353 similis
1105 2307 1292 2353 fortuna
1317 2306 1492 2352 labores

298 2372 514 2418 iactatam
540 2374 625 2419 hac
652 2373 844 2419 demum
871 2374 1019 2419 voluit
1046 2372 1295 2419 consistere
1323 2386 1441 2418 terra
1464 2390 1472 2418 :

300 2456 395 2484 non
422 2438 577 2498 ignara
602 2439 711 2484 mali
739 2440 917 2485 miseris
944 2456 1215 2485 succurrere
1241 2438 1401 2485 disco'
1661 2452 1725 2493 630

299 2505 363 2551 sic
391 2520 615 2551 memorat
638 2525 651 2561 ;
689 2505 826 2551 simul
853 2507 1047 2551 Aenean
1075 2505 1123 2551 in
1150 2505 1271 2565 regia
1296 2504 1426 2550 ducit

301 2585 439 2628 tecta,
464 2571 601 2617 simul
628 2571 786 2617 divom
812 2572 998 2634 templis
1025 2571 1192 2618 indicit
1217 2573 1460 2618 honorem.

301 2655 388 2685 nec
415 2638 570 2684 minus
596 2638 772 2685 interea
798 2638 929 2684 sociis
950 2638 1007 2684 ad
1032 2639 1164 2684 litora
1190 2638 1335 2685 mittit

665 2725 739 2765 599
769 2714 974 2754 exhaustis.
1030 2715 1109 2762 604
1137 2714 1294 2751 iustitia.
