1861 3256
225 251 271 277 10

670 238 714 275 P.
743 236 977 274 VERGILI
1008 236 1266 274 MARONIS

288 349 431 399 teque
457 336 573 382 adeo
597 335 738 381 decus
764 335 852 380 hoc
880 334 999 391 aevi,
1024 347 1069 381 te
1095 334 1307 391 consule,
1332 334 1490 391 inibit,

289 403 458 459 Pollio,
485 416 531 448 et
555 401 790 463 incipient
815 401 973 462 magni
998 401 1254 464 procedere
1281 418 1461 447 menses
1484 422 1496 457 ;

288 481 334 516 te
359 469 494 526 duce,
522 469 557 514 si
584 485 676 530 qua
702 481 896 514 manent
921 469 1106 514 sceleris
1131 467 1324 527 vestigia
1350 468 1513 524 nostri,

287 535 429 581 inrita
456 547 682 597 perpetua
708 534 891 581 solvent
915 535 1168 580 formidine
1194 547 1352 580 terras.

288 601 370 647 ille
396 602 537 647 deum
562 601 706 646 vitam
732 601 931 663 accipiet
955 602 1168 663 divisque
1194 600 1373 646 videbit

286 667 541 730 permixtos
567 668 744 723 heroas,
772 680 819 713 et
843 667 941 729 ipse
966 668 1203 714 videbitur
1228 667 1338 723 illis,

287 747 604 796 pacatumque
630 746 758 794 reget
782 734 944 796 patriis
968 734 1222 780 virtutibus
1246 733 1425 780 orbem.
1453 741 1456 746 “

289 813 336 846 at
361 799 447 846 tibi
475 801 642 861 prima,
666 818 798 862 puer,
826 801 958 846 nullo
984 801 1265 846 munuscula
1292 800 1424 846 cultu

290 880 496 912 errantes
522 866 712 912 hederas
737 867 909 929 passim
935 884 1044 913 cum
1070 867 1266 913 baccare
1293 867 1432 913 tellus

289 932 530 994 mixtaque
557 933 730 978 ridenti
758 933 987 979 colocasia
1013 934 1183 979 fundet
1209 934 1424 979 acantho.
1679 956 1721 976 20

288 1000 413 1061 ipsae
440 1000 562 1044 lacte
589 999 785 1045 domum
811 1001 1015 1046 referent
1040 1000 1243 1046 distenta
1269 1000 1477 1061 capellae

291 1066 451 1122 ubera,
477 1082 564 1111 nec
591 1082 784 1126 magnos
811 1079 1028 1112 metuent
1053 1079 1262 1112 armenta
1288 1067 1462 1112 leones.

290 1132 388 1194 ipsa
415 1132 500 1178 tibi
527 1132 725 1178 blandos
751 1132 953 1179 fundent
979 1133 1216 1178 cunabula
1242 1132 1393 1178 flores.

290 1199 475 1245 occidet
502 1212 548 1245 et
573 1215 780 1260 serpens,
807 1211 852 1244 et
879 1199 1021 1244 fallax
1048 1200 1189 1245 herba
1213 1199 1387 1244 veneni

290 1265 476 1312 occidet
498 1286 512 1322 3
547 1265 786 1326 Assyrium
812 1265 954 1325 vulgo
981 1279 1198 1311 nascetur
1223 1282 1478 1311 amomum.

291 1345 338 1379 at
363 1332 503 1377 simul
529 1333 727 1377 heroum
754 1331 913 1377 laudes
940 1345 985 1377 et
1011 1332 1133 1377 facta
1159 1332 1362 1393 parentis

291 1399 385 1444 iam
412 1399 565 1458 legere
592 1411 636 1444 et
663 1415 780 1460 quae
807 1397 864 1443 sit
889 1398 1061 1460 poteris
1089 1414 1369 1458 cognoscere
1396 1398 1556 1452 virtus,

291 1465 425 1510 molli
451 1465 682 1527 paulatim
708 1464 926 1511 flavescet
953 1481 1142 1526 campus
1169 1464 1318 1521 arista,

291 1531 579 1594 incultisque
604 1532 776 1577 rubens
802 1531 1028 1594 pendebit
1054 1531 1262 1576 sentibus
1290 1547 1390 1587 uva,

293 1612 339 1644 et
363 1598 504 1644 durae
532 1615 731 1661 quercus
759 1598 992 1644 sudabunt
1017 1597 1199 1643 roscida
1223 1598 1381 1644 mella.
1683 1621 1724 1650 30

292 1681 443 1727 pauca
469 1678 627 1711 tamen
652 1665 878 1711 suberunt
902 1664 1081 1726 priscae
1107 1664 1300 1724 vestigia
1327 1663 1516 1719 fraudis,

293 1748 411 1794 quae
439 1744 672 1792 temptare
700 1731 900 1776 Thetim
926 1731 1118 1786 ratibus,
1144 1747 1263 1792 quae
1289 1730 1477 1790 cingere
1503 1730 1645 1775 muris

295 1797 482 1860 oppida,
508 1815 629 1860 quae
656 1797 851 1843 iubeant
879 1797 1037 1843 telluri
1065 1797 1296 1842 infindere
1321 1797 1490 1843 sulcos.

295 1866 414 1910 alter
441 1864 529 1910 erit
555 1878 655 1910 tum
685 1864 888 1925 Tiphys,
913 1876 960 1909 et
987 1864 1131 1909 altera
1157 1880 1275 1926 quae
1299 1865 1440 1909 vehat
1464 1863 1589 1923 Argo

295 1931 501 1976 delectos
528 1932 688 1976 heroas
713 1951 725 1987 ;
764 1943 903 1976 erunt
931 1930 1073 1976 etiam
1099 1930 1244 1976 altera
1269 1930 1410 1986 bella,

296 2011 435 2059 atque
462 1997 633 2043 iterum
661 1997 718 2042 ad
744 1997 942 2043 Troiam
969 2013 1164 2057 magnus
1189 1996 1406 2042 mittetur
1430 1996 1662 2042 Achilles.

295 2065 426 2120 hinc,
452 2064 532 2110 ubi
559 2064 652 2109 iarn
680 2064 860 2110 firmata
885 2063 1039 2109 virum
1066 2076 1111 2109 te
1139 2063 1304 2109 fecerit
1330 2075 1466 2120 aetas,

297 2131 433 2177 cedet
460 2144 505 2176 et
531 2130 630 2192 ipse
656 2130 772 2176 mari
800 2144 977 2185 vector,
1006 2147 1092 2176 nec
1121 2129 1310 2176 nautica
1335 2129 1474 2191 pinus

296 2197 500 2243 mutabit
526 2214 704 2243 merces
729 2216 738 2244 :
776 2197 928 2243 omnis
955 2197 1073 2243 feret
1099 2195 1256 2242 omnia
1283 2196 1439 2243 tellus.

298 2281 392 2309 non
420 2278 585 2310 rastros
610 2265 815 2326 patietur
840 2265 1028 2320 humus,
1054 2280 1149 2309 non
1176 2263 1314 2308 vinea
1340 2262 1511 2309 falcem
1535 2282 1547 2317 ;
1685 2286 1726 2315 40

297 2330 511 2376 robustus
538 2348 727 2393 quoque
754 2330 847 2376 iam
875 2331 1014 2377 tauris
1041 2330 1146 2390 iuga
1173 2330 1319 2375 solvet
1344 2342 1493 2374 arator
1515 2349 1527 2384 3

298 2414 387 2442 nec
413 2397 562 2442 varios
589 2398 738 2443 discet
763 2397 955 2443 mentiri
982 2397 1090 2442 lana
1115 2396 1308 2452 colores,

298 2463 395 2525 ipse
422 2463 502 2508 sed
527 2463 576 2508 in
602 2463 746 2524 pratis
773 2463 890 2509 aries
915 2463 1006 2509 iam
1033 2479 1173 2509 suave
1198 2461 1387 2507 rubenti

299 2530 495 2585 murice,
520 2529 611 2574 iam
638 2546 805 2575 croceo
830 2529 1028 2575 mutabit
1053 2529 1227 2574 vellera
1253 2528 1353 2574 luto
1376 2548 1390 2584 ;

299 2609 463 2658 sponte
489 2613 568 2641 sua
594 2596 769 2657 sandyx
795 2609 1038 2657 pascentes
1064 2595 1231 2641 vestiet
1257 2612 1409 2655 agnos.

307 2662 419 2708 talia
446 2661 628 2719 saecla,'
656 2662 747 2708 suis
773 2663 1011 2718 dixerunt,
1040 2667 1053 2687 ‘
1072 2661 1278 2718 currite,‘
1306 2661 1418 2707 fusis

301 2729 556 2775 concordes
582 2728 734 2774 stabili
763 2729 967 2774 fatorum
994 2728 1191 2774 numine
1220 2728 1407 2774 Parcae.

1827 3174 1861 3256 ἰ
