1861 3256
524 235 830 272 Bucoch:
862 235 977 273 ECL.
1006 235 1068 271 rx
1511 246 1559 285 23

129 344 256 409 quod
280 343 369 390 nisi
394 360 470 390 me
497 359 796 406 quacumque
822 360 965 390 novas
990 343 1200 390 incidere
1227 343 1333 389 lites

128 425 235 458 ante
262 411 446 457 sinistra
471 426 582 456 cava
607 409 866 456 monuisset
891 411 948 456 ab
972 410 1082 457 ilice
1108 410 1289 466 cornix,

127 496 215 526 nec
243 492 349 525 tuus
374 477 451 523 hic
481 476 662 523 Moeris
688 493 778 523 nec
804 477 983 526 viveret
1009 477 1105 540 ipse
1135 477 1394 525 Menalcas,

198 547 253 592 L.
290 546 400 602 heu,
417 544 542 591 cadit
558 543 607 590 in
626 561 913 608 quemquam
931 557 1116 592 tanturn
1135 545 1285 591 scelus
1306 548 1321 591 ?
1357 546 1470 602 heu,
1486 559 1565 592 tua

263 612 397 658 nobis

126 696 275 742 paene
302 679 440 725 simul
467 692 627 726 tecum
653 678 814 725 solatia
838 692 981 740 rapta,
1011 679 1272 726 Menalca?

127 746 228 810 quis
247 760 436 793 caneret
453 746 703 808 Nymphas
723 749 739 792 ?
776 745 878 809 quis
896 747 1099 793 humum
1117 746 1392 793 florentibus
1409 745 1566 793 herbis

127 826 377 876 spargeret,
404 826 482 860 aut
507 813 644 859 viridi
672 813 826 859 fontes
851 812 1102 860 induceret
1129 814 1329 860 umbra?
1529 838 1569 859 20

126 880 200 926 vel
228 897 344 943 quae
371 880 551 941 sublegi
579 879 748 926 tacitus
774 879 860 926 tibi
888 880 1099 926 carmina
1125 897 1294 942 nuper,

126 964 237 994 cum
264 962 308 993 te
336 947 392 992 ad
417 947 606 993 delicias
633 947 774 993 ferres
799 947 1098 1009 Amaryllida
1123 962 1301 994 nostras
1325 967 1335 995 :

128 1014 316 1076 Tityre,
342 1014 456 1060 dum
481 1014 844 1060 redeo—brevis
872 1028 939 1061 est
964 1014 1245 1078 via—pasce
1272 1014 1493 1077 capellas,

126 1094 173 1128 et
197 1094 365 1143 potum
390 1095 538 1143 pastas
564 1098 661 1143 age,
691 1082 882 1143 Tityre,
911 1095 956 1128 et
981 1081 1104 1128 inter
1130 1082 1364 1142 agendum

125 1165 370 1195 occursare
396 1166 755 1212 capro—cornu
783 1149 891 1195 ferit
918 1149 1266 1196 ille—caveto]

198 1217 271 1263 M.
309 1216 456 1263 immo
467 1217 601 1274 haec,
614 1234 731 1279 quae
744 1217 871 1262 Varo
890 1216 1097 1262 necdum
1110 1216 1322 1278 perfecta
1339 1214 1538 1262 canebat
1557 1233 1568 1263 :

126 1283 266 1341 Vare,
295 1297 431 1330 tuum
457 1300 653 1340 nomen,
679 1297 867 1345 superet
894 1283 1035 1330 modo
1064 1284 1270 1329 Mantua
1296 1283 1448 1340 nobis,

129 1351 334 1397 Mantua
358 1368 441 1397 vae
467 1350 662 1397 miserae
690 1351 896 1397 nimium
923 1350 1082 1397 vicina
1109 1350 1391 1408 Cremonae,

128 1431 371 1464 cantantes
396 1418 597 1464 sublime
623 1418 778 1464 ferent
805 1418 862 1463 ad
888 1417 1036 1464 sidera
1061 1417 1230 1479 cycni.'

198 1486 253 1532 L.
292 1485 354 1531 sic
382 1498 461 1531 tua
491 1485 699 1547 Cyrneas
726 1484 908 1545 fugiant
936 1485 1154 1531 examina
1178 1498 1327 1541 taxos,
1530 1509 1571 1539 30

128 1551 191 1599 sic
219 1552 366 1614 cytiso
392 1566 546 1614 pastae
573 1552 846 1598 distendant
872 1552 1015 1598 ubera
1040 1569 1225 1610 vaccae,

127 1619 303 1681 incipe,
330 1619 365 1665 si
392 1619 507 1683 quid
530 1619 689 1665 habes.
763 1632 810 1665 et
835 1635 911 1664 me
939 1619 1093 1664 fecere
1118 1632 1309 1681 poetam

130 1687 352 1743 Pierides,
379 1699 488 1732 sunt
514 1698 560 1732 et
586 1685 703 1732 mihi
730 1685 953 1740 carmina,
982 1702 1058 1731 me
1086 1702 1273 1748 quoque
1300 1684 1470 1732 dicunt

127 1767 281 1800 vatem
306 1766 509 1816 pastores
532 1772 546 1806 ;
584 1753 663 1799 sed
689 1769 786 1798 non
815 1768 898 1812 ego
926 1752 1147 1798 credulus
1173 1752 1282 1799 illis.

127 1837 237 1867 nam
262 1837 418 1883 neque
445 1820 597 1866 adhuc
624 1819 770 1865 Vario
797 1819 958 1865 videor
984 1836 1074 1866 nec
1103 1819 1263 1866 dicere
1292 1819 1453 1866 Cinna

126 1887 282 1949 digna,
310 1887 391 1933 sed
416 1900 596 1948 argutos
623 1886 748 1932 inter
774 1900 978 1948 strepere
1007 1904 1139 1933 anser
1166 1887 1330 1933 olores.

198 1956 272 2002 M.
311 1954 359 2000 id
395 1954 586 2017 quidem
614 1970 696 2014 ago
734 1967 781 2000 et
819 1953 1003 2012 tacitus,
1032 1953 1227 2016 Lycida,
1252 1970 1445 2000 mecum
1472 1953 1568 2016 ipse

262 2022 441 2077 voluto,

127 2089 163 2136 si
188 2089 367 2136 valeam
393 2088 698 2135 meminisse·
685 2125 700 2143 ‚
737 2105 894 2152 neque
923 2102 990 2135 est
1016 2088 1227 2149 ignobile
1255 2105 1461 2135 carmen.

127 2158 221 2203 huc
249 2157 373 2214 ades,
398 2174 425 2203 ο
452 2157 685 2203 Galatea·
674 2176 687 2212 3
724 2156 826 2231 quis
854 2169 922 2203 est
948 2173 1057 2202 nam
1084 2156 1260 2202 ludus
1248 2173 1299 2202 111
1326 2155 1501 2202 undis?

127 2224 206 2270 hic
231 2241 312 2270 ver
337 2240 646 2286 purpureum,
674 2223 826 2270 varios
852 2223 929 2269 hic
958 2222 1157 2269 flumina
1184 2224 1369 2269 circum
1530 2248 1571 2276 40

130 2291 287 2338 fundit
311 2293 484 2338 humus
510 2290 660 2347 flores,
688 2290 767 2337 hic
795 2290 995 2337 candida
1019 2291 1223 2353 populus
1250 2303 1384 2337 antro

129 2357 350 2416 inminet,
376 2372 422 2405 et
448 2359 607 2405 lentae
629 2370 800 2404 texunt
827 2357 1104 2404 umbracula
1127 2358 1246 2405 vites
1270 2379 1283 2415 3

130 2426 224 2471 huc
253 2426 357 2472 ades
380 2445 395 2481 ;
432 2425 583 2472 insani
611 2425 782 2472 feriant
808 2424 908 2471 sine
934 2424 1071 2471 litora
1096 2424 1298 2472 fluctus?

202 2493 256 2539 L.
292 2493 420 2556 quid,
449 2510 567 2556 quae
594 2506 639 2539 te
664 2509 781 2556 pura
806 2492 958 2538 solum
984 2492 1070 2538 sub
1095 2506 1237 2540 nocte
1266 2504 1521 2539 canentem

134 2559 399 2607 audieram
391 2564 405 2595 Ρ
441 2577 662 2607 numeros
687 2559 905 2616 memini,
931 2559 966 2605 si
992 2559 1133 2606 verba
1158 2573 1387 2606 tenerem.

316 2631 329 2652 ‘
344 2626 555 2690 Daphni,
573 2627 689 2690 quid
706 2627 921 2690 antiquos
938 2626 1179 2688 signorum
1197 2626 1388 2689 suspicis
1406 2627 1568 2672 ortus?

135 2708 246 2738 ecce
205 2626 475 2740 MDionaei
500 2694 727 2756 processit
753 2694 965 2740 Caesaris
991 2708 1180 2749 astrum,

607 2781 652 2820 15
685 2771 928 2809 antesinistra
949 2771 1051 2810 Serv.
